%YAML 1.1
%TAG !u! tag:unity3d.com,2011:
--- !u!1 &206056401612377265
GameObject:
  m_ObjectHideFlags: 0
  m_CorrespondingSourceObject: {fileID: 0}
  m_PrefabInstance: {fileID: 0}
  m_PrefabAsset: {fileID: 0}
  serializedVersion: 6
  m_Component:
  - component: {fileID: 6988692662505098629}
  m_Layer: 6
  m_Name: SharpRightGroup
  m_TagString: Untagged
  m_Icon: {fileID: 0}
  m_NavMeshLayer: 0
  m_StaticEditorFlags: 0
  m_IsActive: 1
--- !u!4 &6988692662505098629
Transform:
  m_ObjectHideFlags: 0
  m_CorrespondingSourceObject: {fileID: 0}
  m_PrefabInstance: {fileID: 0}
  m_PrefabAsset: {fileID: 0}
  m_GameObject: {fileID: 206056401612377265}
  m_LocalRotation: {x: -0, y: -0, z: -0, w: 1}
  m_LocalPosition: {x: 0, y: -0, z: 0}
  m_LocalScale: {x: 1, y: 1, z: 1}
  m_Children:
  - {fileID: 7079201652734521906}
  - {fileID: 8779954765675879369}
  - {fileID: 7813243171655928734}
  - {fileID: 1882664793936396448}
  m_Father: {fileID: 0}
  m_RootOrder: 0
  m_LocalEulerAnglesHint: {x: 0, y: 0, z: 0}
--- !u!1 &7429924427190535720
GameObject:
  m_ObjectHideFlags: 0
  m_CorrespondingSourceObject: {fileID: 0}
  m_PrefabInstance: {fileID: 0}
  m_PrefabAsset: {fileID: 0}
  serializedVersion: 6
  m_Component:
  - component: {fileID: 1882664793936396448}
  - component: {fileID: 4974778999271241835}
  m_Layer: 0
  m_Name: Point Light 2D
  m_TagString: Untagged
  m_Icon: {fileID: 0}
  m_NavMeshLayer: 0
  m_StaticEditorFlags: 0
  m_IsActive: 1
--- !u!4 &1882664793936396448
Transform:
  m_ObjectHideFlags: 0
  m_CorrespondingSourceObject: {fileID: 0}
  m_PrefabInstance: {fileID: 0}
  m_PrefabAsset: {fileID: 0}
  m_GameObject: {fileID: 7429924427190535720}
  m_LocalRotation: {x: 0, y: 0, z: 0, w: 1}
  m_LocalPosition: {x: -0.729, y: -0.213, z: 0}
  m_LocalScale: {x: 0.99999976, y: 0.99999976, z: 1}
  m_Children: []
  m_Father: {fileID: 6988692662505098629}
  m_RootOrder: 3
  m_LocalEulerAnglesHint: {x: 0, y: 0, z: 0}
--- !u!114 &4974778999271241835
MonoBehaviour:
  m_ObjectHideFlags: 0
  m_CorrespondingSourceObject: {fileID: 0}
  m_PrefabInstance: {fileID: 0}
  m_PrefabAsset: {fileID: 0}
  m_GameObject: {fileID: 7429924427190535720}
  m_Enabled: 1
  m_EditorHideFlags: 0
  m_Script: {fileID: 11500000, guid: 073797afb82c5a1438f328866b10b3f0, type: 3}
  m_Name: 
  m_EditorClassIdentifier: 
  m_LightType: 3
  m_BlendStyleIndex: 0
  m_FalloffIntensity: 0.5
  m_Color: {r: 1, g: 0, b: 0, a: 1}
  m_Intensity: 1
  m_LightVolumeOpacity: 0
  m_ApplyToSortingLayers: 00000000
  m_LightCookieSprite: {fileID: 0}
  m_UseNormalMap: 0
  m_LightOrder: 0
  m_AlphaBlendOnOverlap: 0
  m_ShadowIntensity: 0
  m_ShadowVolumeIntensity: 0
  m_PointLightInnerAngle: 180
  m_PointLightOuterAngle: 180
  m_PointLightInnerRadius: 0
  m_PointLightOuterRadius: 1
  m_PointLightDistance: 3
  m_PointLightQuality: 1
  m_ShapeLightParametricSides: 5
  m_ShapeLightParametricAngleOffset: 0
  m_ShapeLightParametricRadius: 1
  m_ShapeLightFalloffSize: 0.5
  m_ShapeLightFalloffOffset: {x: 0, y: 0}
  m_ShapePath:
  - {x: -0.5, y: -0.5, z: 0}
  - {x: 0.5, y: -0.5, z: 0}
  - {x: 0.5, y: 0.5, z: 0}
  - {x: -0.5, y: 0.5, z: 0}
--- !u!1001 &682646964432962001
PrefabInstance:
  m_ObjectHideFlags: 0
  serializedVersion: 2
  m_Modification:
    m_TransformParent: {fileID: 6988692662505098629}
    m_Modifications:
    - target: {fileID: 8115932497627142679, guid: 4122d1cfb8b194e4ab81c31d6103f71d, type: 3}
      propertyPath: m_Name
      value: mainlev_build ForPrefabs_89 (5)
      objectReference: {fileID: 0}
    - target: {fileID: 8115932497627142680, guid: 4122d1cfb8b194e4ab81c31d6103f71d, type: 3}
      propertyPath: m_RootOrder
      value: 1
      objectReference: {fileID: 0}
    - target: {fileID: 8115932497627142680, guid: 4122d1cfb8b194e4ab81c31d6103f71d, type: 3}
      propertyPath: m_LocalPosition.x
      value: -0.74200004
      objectReference: {fileID: 0}
    - target: {fileID: 8115932497627142680, guid: 4122d1cfb8b194e4ab81c31d6103f71d, type: 3}
      propertyPath: m_LocalPosition.y
      value: 0
      objectReference: {fileID: 0}
    - target: {fileID: 8115932497627142680, guid: 4122d1cfb8b194e4ab81c31d6103f71d, type: 3}
      propertyPath: m_LocalPosition.z
      value: 0
      objectReference: {fileID: 0}
    - target: {fileID: 8115932497627142680, guid: 4122d1cfb8b194e4ab81c31d6103f71d, type: 3}
      propertyPath: m_LocalRotation.w
      value: 1
      objectReference: {fileID: 0}
    - target: {fileID: 8115932497627142680, guid: 4122d1cfb8b194e4ab81c31d6103f71d, type: 3}
      propertyPath: m_LocalRotation.x
      value: -0
      objectReference: {fileID: 0}
    - target: {fileID: 8115932497627142680, guid: 4122d1cfb8b194e4ab81c31d6103f71d, type: 3}
      propertyPath: m_LocalRotation.y
      value: -0
      objectReference: {fileID: 0}
    - target: {fileID: 8115932497627142680, guid: 4122d1cfb8b194e4ab81c31d6103f71d, type: 3}
      propertyPath: m_LocalRotation.z
      value: -0
      objectReference: {fileID: 0}
    - target: {fileID: 8115932497627142680, guid: 4122d1cfb8b194e4ab81c31d6103f71d, type: 3}
      propertyPath: m_LocalEulerAnglesHint.x
      value: 0
      objectReference: {fileID: 0}
    - target: {fileID: 8115932497627142680, guid: 4122d1cfb8b194e4ab81c31d6103f71d, type: 3}
      propertyPath: m_LocalEulerAnglesHint.y
      value: 0
      objectReference: {fileID: 0}
    - target: {fileID: 8115932497627142680, guid: 4122d1cfb8b194e4ab81c31d6103f71d, type: 3}
      propertyPath: m_LocalEulerAnglesHint.z
      value: -90
      objectReference: {fileID: 0}
    m_RemovedComponents: []
  m_SourcePrefab: {fileID: 100100000, guid: 4122d1cfb8b194e4ab81c31d6103f71d, type: 3}
--- !u!4 &8779954765675879369 stripped
Transform:
  m_CorrespondingSourceObject: {fileID: 8115932497627142680, guid: 4122d1cfb8b194e4ab81c31d6103f71d, type: 3}
  m_PrefabInstance: {fileID: 682646964432962001}
  m_PrefabAsset: {fileID: 0}
--- !u!1001 &1342061685695064106
PrefabInstance:
  m_ObjectHideFlags: 0
  serializedVersion: 2
  m_Modification:
    m_TransformParent: {fileID: 6988692662505098629}
    m_Modifications:
    - target: {fileID: 8115932497627142679, guid: 4122d1cfb8b194e4ab81c31d6103f71d, type: 3}
      propertyPath: m_Name
      value: mainlev_build ForPrefabs_89 (4)
      objectReference: {fileID: 0}
    - target: {fileID: 8115932497627142680, guid: 4122d1cfb8b194e4ab81c31d6103f71d, type: 3}
      propertyPath: m_RootOrder
      value: 0
      objectReference: {fileID: 0}
    - target: {fileID: 8115932497627142680, guid: 4122d1cfb8b194e4ab81c31d6103f71d, type: 3}
      propertyPath: m_LocalPosition.x
      value: 0
      objectReference: {fileID: 0}
    - target: {fileID: 8115932497627142680, guid: 4122d1cfb8b194e4ab81c31d6103f71d, type: 3}
      propertyPath: m_LocalPosition.y
      value: 0
      objectReference: {fileID: 0}
    - target: {fileID: 8115932497627142680, guid: 4122d1cfb8b194e4ab81c31d6103f71d, type: 3}
      propertyPath: m_LocalPosition.z
      value: 0
      objectReference: {fileID: 0}
    - target: {fileID: 8115932497627142680, guid: 4122d1cfb8b194e4ab81c31d6103f71d, type: 3}
      propertyPath: m_LocalRotation.w
      value: 1
      objectReference: {fileID: 0}
    - target: {fileID: 8115932497627142680, guid: 4122d1cfb8b194e4ab81c31d6103f71d, type: 3}
      propertyPath: m_LocalRotation.x
      value: -0
      objectReference: {fileID: 0}
    - target: {fileID: 8115932497627142680, guid: 4122d1cfb8b194e4ab81c31d6103f71d, type: 3}
      propertyPath: m_LocalRotation.y
      value: -0
      objectReference: {fileID: 0}
    - target: {fileID: 8115932497627142680, guid: 4122d1cfb8b194e4ab81c31d6103f71d, type: 3}
      propertyPath: m_LocalRotation.z
      value: -0
      objectReference: {fileID: 0}
    - target: {fileID: 8115932497627142680, guid: 4122d1cfb8b194e4ab81c31d6103f71d, type: 3}
      propertyPath: m_LocalEulerAnglesHint.x
      value: 0
      objectReference: {fileID: 0}
    - target: {fileID: 8115932497627142680, guid: 4122d1cfb8b194e4ab81c31d6103f71d, type: 3}
      propertyPath: m_LocalEulerAnglesHint.y
      value: 0
      objectReference: {fileID: 0}
    - target: {fileID: 8115932497627142680, guid: 4122d1cfb8b194e4ab81c31d6103f71d, type: 3}
      propertyPath: m_LocalEulerAnglesHint.z
      value: -90
      objectReference: {fileID: 0}
    m_RemovedComponents: []
  m_SourcePrefab: {fileID: 100100000, guid: 4122d1cfb8b194e4ab81c31d6103f71d, type: 3}
--- !u!4 &7079201652734521906 stripped
Transform:
  m_CorrespondingSourceObject: {fileID: 8115932497627142680, guid: 4122d1cfb8b194e4ab81c31d6103f71d, type: 3}
  m_PrefabInstance: {fileID: 1342061685695064106}
  m_PrefabAsset: {fileID: 0}
--- !u!1001 &2076057035800121734
PrefabInstance:
  m_ObjectHideFlags: 0
  serializedVersion: 2
  m_Modification:
    m_TransformParent: {fileID: 6988692662505098629}
    m_Modifications:
    - target: {fileID: 8115932497627142679, guid: 4122d1cfb8b194e4ab81c31d6103f71d, type: 3}
      propertyPath: m_Name
      value: mainlev_build ForPrefabs_89 (6)
      objectReference: {fileID: 0}
    - target: {fileID: 8115932497627142680, guid: 4122d1cfb8b194e4ab81c31d6103f71d, type: 3}
      propertyPath: m_RootOrder
      value: 2
      objectReference: {fileID: 0}
    - target: {fileID: 8115932497627142680, guid: 4122d1cfb8b194e4ab81c31d6103f71d, type: 3}
      propertyPath: m_LocalPosition.x
      value: -1.481001
      objectReference: {fileID: 0}
    - target: {fileID: 8115932497627142680, guid: 4122d1cfb8b194e4ab81c31d6103f71d, type: 3}
      propertyPath: m_LocalPosition.y
      value: 0
      objectReference: {fileID: 0}
    - target: {fileID: 8115932497627142680, guid: 4122d1cfb8b194e4ab81c31d6103f71d, type: 3}
      propertyPath: m_LocalPosition.z
      value: 0
      objectReference: {fileID: 0}
    - target: {fileID: 8115932497627142680, guid: 4122d1cfb8b194e4ab81c31d6103f71d, type: 3}
      propertyPath: m_LocalRotation.w
      value: 1
      objectReference: {fileID: 0}
    - target: {fileID: 8115932497627142680, guid: 4122d1cfb8b194e4ab81c31d6103f71d, type: 3}
      propertyPath: m_LocalRotation.x
      value: -0
      objectReference: {fileID: 0}
    - target: {fileID: 8115932497627142680, guid: 4122d1cfb8b194e4ab81c31d6103f71d, type: 3}
      propertyPath: m_LocalRotation.y
      value: -0
      objectReference: {fileID: 0}
    - target: {fileID: 8115932497627142680, guid: 4122d1cfb8b194e4ab81c31d6103f71d, type: 3}
      propertyPath: m_LocalRotation.z
      value: -0
      objectReference: {fileID: 0}
    - target: {fileID: 8115932497627142680, guid: 4122d1cfb8b194e4ab81c31d6103f71d, type: 3}
      propertyPath: m_LocalEulerAnglesHint.x
      value: 0
      objectReference: {fileID: 0}
    - target: {fileID: 8115932497627142680, guid: 4122d1cfb8b194e4ab81c31d6103f71d, type: 3}
      propertyPath: m_LocalEulerAnglesHint.y
      value: 0
      objectReference: {fileID: 0}
    - target: {fileID: 8115932497627142680, guid: 4122d1cfb8b194e4ab81c31d6103f71d, type: 3}
      propertyPath: m_LocalEulerAnglesHint.z
      value: -90
      objectReference: {fileID: 0}
    m_RemovedComponents: []
  m_SourcePrefab: {fileID: 100100000, guid: 4122d1cfb8b194e4ab81c31d6103f71d, type: 3}
--- !u!4 &7813243171655928734 stripped
Transform:
  m_CorrespondingSourceObject: {fileID: 8115932497627142680, guid: 4122d1cfb8b194e4ab81c31d6103f71d, type: 3}
  m_PrefabInstance: {fileID: 2076057035800121734}
  m_PrefabAsset: {fileID: 0}
