%YAML 1.1
%TAG !u! tag:unity3d.com,2011:
--- !u!29 &1
OcclusionCullingSettings:
  m_ObjectHideFlags: 0
  serializedVersion: 2
  m_OcclusionBakeSettings:
    smallestOccluder: 5
    smallestHole: 0.25
    backfaceThreshold: 100
  m_SceneGUID: 00000000000000000000000000000000
  m_OcclusionCullingData: {fileID: 0}
--- !u!104 &2
RenderSettings:
  m_ObjectHideFlags: 0
  serializedVersion: 9
  m_Fog: 0
  m_FogColor: {r: 0.5, g: 0.5, b: 0.5, a: 1}
  m_FogMode: 3
  m_FogDensity: 0.01
  m_LinearFogStart: 0
  m_LinearFogEnd: 300
  m_AmbientSkyColor: {r: 0.212, g: 0.227, b: 0.259, a: 1}
  m_AmbientEquatorColor: {r: 0.114, g: 0.125, b: 0.133, a: 1}
  m_AmbientGroundColor: {r: 0.047, g: 0.043, b: 0.035, a: 1}
  m_AmbientIntensity: 1
  m_AmbientMode: 3
  m_SubtractiveShadowColor: {r: 0.42, g: 0.478, b: 0.627, a: 1}
  m_SkyboxMaterial: {fileID: 0}
  m_HaloStrength: 0.5
  m_FlareStrength: 1
  m_FlareFadeSpeed: 3
  m_HaloTexture: {fileID: 0}
  m_SpotCookie: {fileID: 10001, guid: 0000000000000000e000000000000000, type: 0}
  m_DefaultReflectionMode: 0
  m_DefaultReflectionResolution: 128
  m_ReflectionBounces: 1
  m_ReflectionIntensity: 1
  m_CustomReflection: {fileID: 0}
  m_Sun: {fileID: 0}
  m_IndirectSpecularColor: {r: 0, g: 0, b: 0, a: 1}
  m_UseRadianceAmbientProbe: 0
--- !u!157 &3
LightmapSettings:
  m_ObjectHideFlags: 0
  serializedVersion: 12
  m_GIWorkflowMode: 1
  m_GISettings:
    serializedVersion: 2
    m_BounceScale: 1
    m_IndirectOutputScale: 1
    m_AlbedoBoost: 1
    m_EnvironmentLightingMode: 0
    m_EnableBakedLightmaps: 0
    m_EnableRealtimeLightmaps: 0
  m_LightmapEditorSettings:
    serializedVersion: 12
    m_Resolution: 2
    m_BakeResolution: 40
    m_AtlasSize: 1024
    m_AO: 0
    m_AOMaxDistance: 1
    m_CompAOExponent: 1
    m_CompAOExponentDirect: 0
    m_ExtractAmbientOcclusion: 0
    m_Padding: 2
    m_LightmapParameters: {fileID: 0}
    m_LightmapsBakeMode: 1
    m_TextureCompression: 1
    m_FinalGather: 0
    m_FinalGatherFiltering: 1
    m_FinalGatherRayCount: 256
    m_ReflectionCompression: 2
    m_MixedBakeMode: 2
    m_BakeBackend: 1
    m_PVRSampling: 1
    m_PVRDirectSampleCount: 32
    m_PVRSampleCount: 512
    m_PVRBounces: 2
    m_PVREnvironmentSampleCount: 256
    m_PVREnvironmentReferencePointCount: 2048
    m_PVRFilteringMode: 1
    m_PVRDenoiserTypeDirect: 1
    m_PVRDenoiserTypeIndirect: 1
    m_PVRDenoiserTypeAO: 1
    m_PVRFilterTypeDirect: 0
    m_PVRFilterTypeIndirect: 0
    m_PVRFilterTypeAO: 0
    m_PVREnvironmentMIS: 1
    m_PVRCulling: 1
    m_PVRFilteringGaussRadiusDirect: 1
    m_PVRFilteringGaussRadiusIndirect: 5
    m_PVRFilteringGaussRadiusAO: 2
    m_PVRFilteringAtrousPositionSigmaDirect: 0.5
    m_PVRFilteringAtrousPositionSigmaIndirect: 2
    m_PVRFilteringAtrousPositionSigmaAO: 1
    m_ExportTrainingData: 0
    m_TrainingDataDestination: TrainingData
    m_LightProbeSampleCountMultiplier: 4
  m_LightingDataAsset: {fileID: 112000000, guid: 68c032ee57c090c4cbed3a94d45a17e0, type: 2}
  m_LightingSettings: {fileID: 4890085278179872738, guid: 536f4a0b7a472904598427fa99b28108, type: 2}
--- !u!196 &4
NavMeshSettings:
  serializedVersion: 2
  m_ObjectHideFlags: 0
  m_BuildSettings:
    serializedVersion: 2
    agentTypeID: 0
    agentRadius: 0.5
    agentHeight: 2
    agentSlope: 45
    agentClimb: 0.4
    ledgeDropHeight: 0
    maxJumpAcrossDistance: 0
    minRegionArea: 2
    manualCellSize: 0
    cellSize: 0.16666667
    manualTileSize: 0
    tileSize: 256
    accuratePlacement: 0
    maxJobWorkers: 0
    preserveTilesOutsideBounds: 0
    debug:
      m_Flags: 0
  m_NavMeshData: {fileID: 0}
--- !u!43 &58510439
Mesh:
  m_ObjectHideFlags: 0
  m_CorrespondingSourceObject: {fileID: 0}
  m_PrefabInstance: {fileID: 0}
  m_PrefabAsset: {fileID: 0}
  m_Name: 
  serializedVersion: 10
  m_SubMeshes:
  - serializedVersion: 2
    firstByte: 0
    indexCount: 66
    topology: 0
    baseVertex: 0
    firstVertex: 0
    vertexCount: 24
    localAABB:
      m_Center: {x: -0.0034435391, y: 0.017473027, z: 0}
      m_Extent: {x: 0.28713274, y: 0.25695592, z: 0}
  m_Shapes:
    vertices: []
    shapes: []
    channels: []
    fullWeights: []
  m_BindPose: []
  m_BoneNameHashes: 
  m_RootBoneNameHash: 0
  m_BonesAABB: []
  m_VariableBoneCountWeights:
    m_Data: 
  m_MeshCompression: 0
  m_IsReadable: 1
  m_KeepVertices: 1
  m_KeepIndices: 1
  m_IndexFormat: 0
  m_IndexBuffer: 00000100020000000300010004000300000005000300040005000600030007000600050007000800060009000800070009000a0008000a0009000b0002000c00000000000d00040001000e00020003000f0001000600100003000400110005000500120007000800130006000700140009000a0015000800090016000b000b0017000a00
  m_VertexData:
    serializedVersion: 3
    m_VertexCount: 24
    m_Channels:
    - stream: 0
      offset: 0
      format: 0
      dimension: 3
    - stream: 0
      offset: 0
      format: 0
      dimension: 0
    - stream: 0
      offset: 12
      format: 0
      dimension: 4
    - stream: 0
      offset: 28
      format: 0
      dimension: 4
    - stream: 0
      offset: 0
      format: 0
      dimension: 0
    - stream: 0
      offset: 0
      format: 0
      dimension: 0
    - stream: 0
      offset: 0
      format: 0
      dimension: 0
    - stream: 0
      offset: 0
      format: 0
      dimension: 0
    - stream: 0
      offset: 0
      format: 0
      dimension: 0
    - stream: 0
      offset: 0
      format: 0
      dimension: 0
    - stream: 0
      offset: 0
      format: 0
      dimension: 0
    - stream: 0
      offset: 0
      format: 0
      dimension: 0
    - stream: 0
      offset: 0
      format: 0
      dimension: 0
    - stream: 0
      offset: 0
      format: 0
      dimension: 0
    m_DataSize: 1056
    _typelessdata: cf91373e5baa853d00000000070b65bfbcb1e4be0000000000000080b63f913e8d5913be6448993df4818c3e55a4453e484a44be00000000a2b9eebe4578623f00000080000000807c92d13d023b75beb63f913e8d5913beb63f913e8d5913be00000000a6b9eebe4478623f0000008000000080b63f913e8d5913beb63f913e8d5913be7c92d13d023b75be000000007127ee3c4ce47f3f00000080000000807c92d13d023b75be7c92d13d023b75be6448993df4818c3e00000000070b65bfbcb1e4be00000000000000806448993df4818c3e6448993df4818c3ec03f52bb81eb8b3e00000000fae9703ceaf87fbf00000080000000806448993df4818c3e606ca6bd0e558b3ebca483bc4fb471be000000007127ee3c4ce47f3f00000080000000806db209be9c2d6ebe7c92d13d023b75be606ca6bd0e558b3e00000000fae9703ceaf87fbf0000008000000080606ca6bd0e558b3e606ca6bd0e558b3e6db209be9c2d6ebe00000000caae053fae525a3f00000080000000806db209be9c2d6ebe6db209be9c2d6ebe82613ebef65d8a3d000000001be8633ffe30e9be0000008000000080606ca6bd0e558b3e6ac694be264c0cbea09f59bee13c3dbe00000000c8ae053faf525a3f00000080000000806ac694be264c0cbe6db209be9c2d6ebe6ac694be264c0cbe000000001be8633ffe30e9be00000080000000806ac694be264c0cbe6ac694be264c0cbeb63f913e8d5913be00000000070b65bfbcb1e4be0000000000000080b63f913e8d5913beb63f913e8d5913becf91373e5baa853d00000000070b65bfbcb1e4be0000000000000080b63f913e8d5913be6448993df4818c3e55a4453e484a44be00000000a6b9eebe4478623f00000080000000807c92d13d023b75beb63f913e8d5913be7c92d13d023b75be00000000a2b9eebe4578623f00000080000000807c92d13d023b75be7c92d13d023b75bebca483bc4fb471be000000007127ee3c4ce47f3f00000080000000806db209be9c2d6ebe7c92d13d023b75be6448993df4818c3e00000000fae9703ceaf87fbf00000080000000806448993df4818c3e6448993df4818c3ec03f52bb81eb8b3e00000000fae9703ceaf87fbf00000080000000806448993df4818c3e606ca6bd0e558b3e6db209be9c2d6ebe000000007127ee3c4ce47f3f00000080000000806db209be9c2d6ebe6db209be9c2d6ebe606ca6bd0e558b3e000000001be8633ffe30e9be0000008000000080606ca6bd0e558b3e606ca6bd0e558b3ea09f59bee13c3dbe00000000caae053fae525a3f00000080000000806ac694be264c0cbe6db209be9c2d6ebe82613ebef65d8a3d000000001be8633ffe30e9be0000008000000080606ca6bd0e558b3e6ac694be264c0cbe6ac694be264c0cbe00000000c8ae053faf525a3f00000080000000806ac694be264c0cbe6ac694be264c0cbe
  m_CompressedMesh:
    m_Vertices:
      m_NumItems: 0
      m_Range: 0
      m_Start: 0
      m_Data: 
      m_BitSize: 0
    m_UV:
      m_NumItems: 0
      m_Range: 0
      m_Start: 0
      m_Data: 
      m_BitSize: 0
    m_Normals:
      m_NumItems: 0
      m_Range: 0
      m_Start: 0
      m_Data: 
      m_BitSize: 0
    m_Tangents:
      m_NumItems: 0
      m_Range: 0
      m_Start: 0
      m_Data: 
      m_BitSize: 0
    m_Weights:
      m_NumItems: 0
      m_Data: 
      m_BitSize: 0
    m_NormalSigns:
      m_NumItems: 0
      m_Data: 
      m_BitSize: 0
    m_TangentSigns:
      m_NumItems: 0
      m_Data: 
      m_BitSize: 0
    m_FloatColors:
      m_NumItems: 0
      m_Range: 0
      m_Start: 0
      m_Data: 
      m_BitSize: 0
    m_BoneIndices:
      m_NumItems: 0
      m_Data: 
      m_BitSize: 0
    m_Triangles:
      m_NumItems: 0
      m_Data: 
      m_BitSize: 0
    m_UVInfo: 0
  m_LocalAABB:
    m_Center: {x: -0.0034435391, y: 0.017473027, z: 0}
    m_Extent: {x: 0.28713274, y: 0.25695592, z: 0}
  m_MeshUsageFlags: 0
  m_BakedConvexCollisionMesh: 
  m_BakedTriangleCollisionMesh: 
  m_MeshMetrics[0]: 1
  m_MeshMetrics[1]: 1
  m_MeshOptimizationFlags: 1
  m_StreamData:
    serializedVersion: 2
    offset: 0
    size: 0
    path: 
--- !u!4 &146940920 stripped
Transform:
  m_CorrespondingSourceObject: {fileID: 690296942751753194, guid: dafeeae6a4930844880a0d4dc39d46a5, type: 3}
  m_PrefabInstance: {fileID: 690296941552733973}
  m_PrefabAsset: {fileID: 0}
--- !u!1001 &200985261
PrefabInstance:
  m_ObjectHideFlags: 0
  serializedVersion: 2
  m_Modification:
    m_TransformParent: {fileID: 0}
    m_Modifications:
    - target: {fileID: 6877371130543270528, guid: dfcfa45134b71404bb3cd91302a6b561, type: 3}
      propertyPath: m_Name
      value: Enemy_1
      objectReference: {fileID: 0}
    - target: {fileID: 6877371130543270528, guid: dfcfa45134b71404bb3cd91302a6b561, type: 3}
      propertyPath: m_IsActive
      value: 1
      objectReference: {fileID: 0}
    - target: {fileID: 6877371130543270541, guid: dfcfa45134b71404bb3cd91302a6b561, type: 3}
      propertyPath: m_RootOrder
      value: 2
      objectReference: {fileID: 0}
    - target: {fileID: 6877371130543270541, guid: dfcfa45134b71404bb3cd91302a6b561, type: 3}
      propertyPath: m_LocalPosition.x
      value: -1.98
      objectReference: {fileID: 0}
    - target: {fileID: 6877371130543270541, guid: dfcfa45134b71404bb3cd91302a6b561, type: 3}
      propertyPath: m_LocalPosition.y
      value: -1.37
      objectReference: {fileID: 0}
    - target: {fileID: 6877371130543270541, guid: dfcfa45134b71404bb3cd91302a6b561, type: 3}
      propertyPath: m_LocalPosition.z
      value: 0
      objectReference: {fileID: 0}
    - target: {fileID: 6877371130543270541, guid: dfcfa45134b71404bb3cd91302a6b561, type: 3}
      propertyPath: m_LocalRotation.w
      value: 1
      objectReference: {fileID: 0}
    - target: {fileID: 6877371130543270541, guid: dfcfa45134b71404bb3cd91302a6b561, type: 3}
      propertyPath: m_LocalRotation.x
      value: 0
      objectReference: {fileID: 0}
    - target: {fileID: 6877371130543270541, guid: dfcfa45134b71404bb3cd91302a6b561, type: 3}
      propertyPath: m_LocalRotation.y
      value: 0
      objectReference: {fileID: 0}
    - target: {fileID: 6877371130543270541, guid: dfcfa45134b71404bb3cd91302a6b561, type: 3}
      propertyPath: m_LocalRotation.z
      value: 0
      objectReference: {fileID: 0}
    - target: {fileID: 6877371130543270541, guid: dfcfa45134b71404bb3cd91302a6b561, type: 3}
      propertyPath: m_LocalEulerAnglesHint.x
      value: 0
      objectReference: {fileID: 0}
    - target: {fileID: 6877371130543270541, guid: dfcfa45134b71404bb3cd91302a6b561, type: 3}
      propertyPath: m_LocalEulerAnglesHint.y
      value: 0
      objectReference: {fileID: 0}
    - target: {fileID: 6877371130543270541, guid: dfcfa45134b71404bb3cd91302a6b561, type: 3}
      propertyPath: m_LocalEulerAnglesHint.z
      value: 0
      objectReference: {fileID: 0}
    m_RemovedComponents: []
  m_SourcePrefab: {fileID: 100100000, guid: dfcfa45134b71404bb3cd91302a6b561, type: 3}
--- !u!4 &232700833 stripped
Transform:
  m_CorrespondingSourceObject: {fileID: 8744989471325027338, guid: 4b301531e064dff48ae5d3d08f9177ec, type: 3}
  m_PrefabInstance: {fileID: 8744989471260624811}
  m_PrefabAsset: {fileID: 0}
--- !u!4 &315883512 stripped
Transform:
  m_CorrespondingSourceObject: {fileID: 9017330732302315432, guid: d00fa3b30f8b9fd47b915a087437b572, type: 3}
  m_PrefabInstance: {fileID: 9017330732078747728}
  m_PrefabAsset: {fileID: 0}
--- !u!4 &380005833 stripped
Transform:
  m_CorrespondingSourceObject: {fileID: 7524312826864224671, guid: 310177f67a7cce24e9b6e139c1e337c0, type: 3}
  m_PrefabInstance: {fileID: 7524312827239998550}
  m_PrefabAsset: {fileID: 0}
--- !u!114 &380005836 stripped
MonoBehaviour:
  m_CorrespondingSourceObject: {fileID: 7524312826864224666, guid: 310177f67a7cce24e9b6e139c1e337c0, type: 3}
  m_PrefabInstance: {fileID: 7524312827239998550}
  m_PrefabAsset: {fileID: 0}
  m_GameObject: {fileID: 1469409753}
  m_Enabled: 1
  m_EditorHideFlags: 0
  m_Script: {fileID: 11500000, guid: 64787d5f9aed0104c96bb494767d8ea8, type: 3}
  m_Name: 
  m_EditorClassIdentifier: 
--- !u!114 &380005838 stripped
MonoBehaviour:
  m_CorrespondingSourceObject: {fileID: 7524312826864224664, guid: 310177f67a7cce24e9b6e139c1e337c0, type: 3}
  m_PrefabInstance: {fileID: 7524312827239998550}
  m_PrefabAsset: {fileID: 0}
  m_GameObject: {fileID: 1469409753}
  m_Enabled: 1
  m_EditorHideFlags: 0
  m_Script: {fileID: 11500000, guid: 69e3becac7c156a42983503f2e557865, type: 3}
  m_Name: 
  m_EditorClassIdentifier: 
--- !u!43 &423933537
Mesh:
  m_ObjectHideFlags: 0
  m_CorrespondingSourceObject: {fileID: 0}
  m_PrefabInstance: {fileID: 0}
  m_PrefabAsset: {fileID: 0}
  m_Name: 
  serializedVersion: 10
  m_SubMeshes:
  - serializedVersion: 2
    firstByte: 0
    indexCount: 42
    topology: 0
    baseVertex: 0
    firstVertex: 0
    vertexCount: 16
    localAABB:
      m_Center: {x: -0.010282055, y: 0.12779152, z: 0}
      m_Extent: {x: 0.27684337, y: 0.090958476, z: 0}
  m_Shapes:
    vertices: []
    shapes: []
    channels: []
    fullWeights: []
  m_BindPose: []
  m_BoneNameHashes: 
  m_RootBoneNameHash: 0
  m_BonesAABB: []
  m_VariableBoneCountWeights:
    m_Data: 
  m_MeshCompression: 0
  m_IsReadable: 1
  m_KeepVertices: 1
  m_KeepIndices: 1
  m_IndexFormat: 0
  m_IndexBuffer: 00000100020003000100000003000400010005000400030006000400050004000600070002000800000000000900030001000a00020004000b00010003000c00050007000d00040005000e00060006000f000700
  m_VertexData:
    serializedVersion: 3
    m_VertexCount: 16
    m_Channels:
    - stream: 0
      offset: 0
      format: 0
      dimension: 3
    - stream: 0
      offset: 0
      format: 0
      dimension: 0
    - stream: 0
      offset: 12
      format: 0
      dimension: 4
    - stream: 0
      offset: 28
      format: 0
      dimension: 4
    - stream: 0
      offset: 0
      format: 0
      dimension: 0
    - stream: 0
      offset: 0
      format: 0
      dimension: 0
    - stream: 0
      offset: 0
      format: 0
      dimension: 0
    - stream: 0
      offset: 0
      format: 0
      dimension: 0
    - stream: 0
      offset: 0
      format: 0
      dimension: 0
    - stream: 0
      offset: 0
      format: 0
      dimension: 0
    - stream: 0
      offset: 0
      format: 0
      dimension: 0
    - stream: 0
      offset: 0
      format: 0
      dimension: 0
    - stream: 0
      offset: 0
      format: 0
      dimension: 0
    - stream: 0
      offset: 0
      format: 0
      dimension: 0
    m_DataSize: 704
    _typelessdata: 10a1183ef0fd5c3e00000000a1ff55bf56800cbf000000000000008010a1183ef0fd5c3e10a1183ef0fd5c3eb97a883e40de163d000000008f60823cb3f77f3f0000008000000080b97a883e40de163db97a883e40de163d41cb543ec05a013e00000000a1ff55bf56800cbf0000000000000080b97a883e40de163d10a1183ef0fd5c3e0065903bf87e5e3e00000000305c26bca0fc7fbf000000000000008010a1183ef0fd5c3ec09a0fbe0000603e107628bce0ea283d000000008f60823cb3f77f3f00000080000000801a0293be80f73a3db97a883e40de163dc09a0fbe0000603e00000000305c26bca0fc7fbf0000000000000080c09a0fbe0000603ec09a0fbe0000603e7acf5abef05e073e000000004732433f1ca225bf0000008000000080c09a0fbe0000603e1a0293be80f73a3d1a0293be80f73a3d000000004732433f1ca225bf00000080000000801a0293be80f73a3d1a0293be80f73a3d41cb543ec05a013e00000000a1ff55bf56800cbf0000000000000080b97a883e40de163d10a1183ef0fd5c3e10a1183ef0fd5c3e00000000305c26bca0fc7fbf000000000000008010a1183ef0fd5c3e10a1183ef0fd5c3eb97a883e40de163d00000000a1ff55bf56800cbf0000000000000080b97a883e40de163db97a883e40de163d107628bce0ea283d000000008f60823cb3f77f3f00000080000000801a0293be80f73a3db97a883e40de163d0065903bf87e5e3e00000000305c26bca0fc7fbf000000000000008010a1183ef0fd5c3ec09a0fbe0000603e1a0293be80f73a3d000000008f60823cb3f77f3f00000080000000801a0293be80f73a3d1a0293be80f73a3dc09a0fbe0000603e000000004732433f1ca225bf0000008000000080c09a0fbe0000603ec09a0fbe0000603e7acf5abef05e073e000000004732433f1ca225bf0000008000000080c09a0fbe0000603e1a0293be80f73a3d
  m_CompressedMesh:
    m_Vertices:
      m_NumItems: 0
      m_Range: 0
      m_Start: 0
      m_Data: 
      m_BitSize: 0
    m_UV:
      m_NumItems: 0
      m_Range: 0
      m_Start: 0
      m_Data: 
      m_BitSize: 0
    m_Normals:
      m_NumItems: 0
      m_Range: 0
      m_Start: 0
      m_Data: 
      m_BitSize: 0
    m_Tangents:
      m_NumItems: 0
      m_Range: 0
      m_Start: 0
      m_Data: 
      m_BitSize: 0
    m_Weights:
      m_NumItems: 0
      m_Data: 
      m_BitSize: 0
    m_NormalSigns:
      m_NumItems: 0
      m_Data: 
      m_BitSize: 0
    m_TangentSigns:
      m_NumItems: 0
      m_Data: 
      m_BitSize: 0
    m_FloatColors:
      m_NumItems: 0
      m_Range: 0
      m_Start: 0
      m_Data: 
      m_BitSize: 0
    m_BoneIndices:
      m_NumItems: 0
      m_Data: 
      m_BitSize: 0
    m_Triangles:
      m_NumItems: 0
      m_Data: 
      m_BitSize: 0
    m_UVInfo: 0
  m_LocalAABB:
    m_Center: {x: -0.010282055, y: 0.12779152, z: 0}
    m_Extent: {x: 0.27684337, y: 0.090958476, z: 0}
  m_MeshUsageFlags: 0
  m_BakedConvexCollisionMesh: 
  m_BakedTriangleCollisionMesh: 
  m_MeshMetrics[0]: 1
  m_MeshMetrics[1]: 1
  m_MeshOptimizationFlags: 1
  m_StreamData:
    serializedVersion: 2
    offset: 0
    size: 0
    path: 
--- !u!1 &491979025
GameObject:
  m_ObjectHideFlags: 0
  m_CorrespondingSourceObject: {fileID: 0}
  m_PrefabInstance: {fileID: 0}
  m_PrefabAsset: {fileID: 0}
  serializedVersion: 6
  m_Component:
  - component: {fileID: 491979026}
  - component: {fileID: 491979027}
  m_Layer: 0
  m_Name: Global Light 2D
  m_TagString: Untagged
  m_Icon: {fileID: 0}
  m_NavMeshLayer: 0
  m_StaticEditorFlags: 0
  m_IsActive: 1
--- !u!4 &491979026
Transform:
  m_ObjectHideFlags: 0
  m_CorrespondingSourceObject: {fileID: 0}
  m_PrefabInstance: {fileID: 0}
  m_PrefabAsset: {fileID: 0}
  m_GameObject: {fileID: 491979025}
  m_LocalRotation: {x: -0, y: -0, z: -0, w: 1}
  m_LocalPosition: {x: 0, y: 0, z: 0.09234035}
  m_LocalScale: {x: 1, y: 1, z: 1}
  m_Children: []
  m_Father: {fileID: 2142699830}
  m_RootOrder: 0
  m_LocalEulerAnglesHint: {x: 0, y: 0, z: 0}
--- !u!114 &491979027
MonoBehaviour:
  m_ObjectHideFlags: 0
  m_CorrespondingSourceObject: {fileID: 0}
  m_PrefabInstance: {fileID: 0}
  m_PrefabAsset: {fileID: 0}
  m_GameObject: {fileID: 491979025}
  m_Enabled: 1
  m_EditorHideFlags: 0
  m_Script: {fileID: 11500000, guid: 073797afb82c5a1438f328866b10b3f0, type: 3}
  m_Name: 
  m_EditorClassIdentifier: 
  m_LightType: 4
  m_BlendStyleIndex: 0
  m_FalloffIntensity: 0.5
  m_Color: {r: 1, g: 1, b: 1, a: 1}
  m_Intensity: 0.8
  m_LightVolumeOpacity: 0
  m_ApplyToSortingLayers: 85895b770b06ab0700000000130f309a97f38ee6bff2b784
  m_LightCookieSprite: {fileID: 0}
  m_UseNormalMap: 0
  m_LightOrder: 0
  m_AlphaBlendOnOverlap: 0
  m_ShadowIntensity: 0
  m_ShadowVolumeIntensity: 0
  m_PointLightInnerAngle: 360
  m_PointLightOuterAngle: 360
  m_PointLightInnerRadius: 0
  m_PointLightOuterRadius: 1
  m_PointLightDistance: 3
  m_PointLightQuality: 1
  m_ShapeLightParametricSides: 5
  m_ShapeLightParametricAngleOffset: 0
  m_ShapeLightParametricRadius: 1
  m_ShapeLightFalloffSize: 0.5
  m_ShapeLightFalloffOffset: {x: 0, y: 0}
  m_ShapePath:
  - {x: -0.5, y: -0.5, z: 0}
  - {x: 0.5, y: -0.5, z: 0}
  - {x: 0.5, y: 0.5, z: 0}
  - {x: -0.5, y: 0.5, z: 0}
--- !u!50 &533913922 stripped
Rigidbody2D:
  m_CorrespondingSourceObject: {fileID: 3878193745162603045, guid: 24e8110a5901f5c47810df33040d041e, type: 3}
  m_PrefabInstance: {fileID: 3878193745478151015}
  m_PrefabAsset: {fileID: 0}
--- !u!1 &564922450 stripped
GameObject:
  m_CorrespondingSourceObject: {fileID: 564922450, guid: bcfd9bfebac79b14ea63e1fbf9879749, type: 3}
  m_PrefabInstance: {fileID: 5991681515053591481}
  m_PrefabAsset: {fileID: 0}
--- !u!1 &580961164
GameObject:
  m_ObjectHideFlags: 0
  m_CorrespondingSourceObject: {fileID: 0}
  m_PrefabInstance: {fileID: 0}
  m_PrefabAsset: {fileID: 0}
  serializedVersion: 6
  m_Component:
  - component: {fileID: 580961168}
  - component: {fileID: 580961167}
  - component: {fileID: 580961166}
  - component: {fileID: 580961165}
  m_Layer: 0
  m_Name: Spider
  m_TagString: Enemy
  m_Icon: {fileID: 0}
  m_NavMeshLayer: 0
  m_StaticEditorFlags: 0
  m_IsActive: 1
--- !u!50 &580961165
Rigidbody2D:
  serializedVersion: 4
  m_ObjectHideFlags: 0
  m_CorrespondingSourceObject: {fileID: 0}
  m_PrefabInstance: {fileID: 0}
  m_PrefabAsset: {fileID: 0}
  m_GameObject: {fileID: 580961164}
  m_BodyType: 0
  m_Simulated: 1
  m_UseFullKinematicContacts: 0
  m_UseAutoMass: 0
  m_Mass: 1
  m_LinearDrag: 0
  m_AngularDrag: 0.05
  m_GravityScale: 1
  m_Material: {fileID: 0}
  m_Interpolate: 0
  m_SleepingMode: 1
  m_CollisionDetection: 0
  m_Constraints: 7
--- !u!61 &580961166
BoxCollider2D:
  m_ObjectHideFlags: 0
  m_CorrespondingSourceObject: {fileID: 0}
  m_PrefabInstance: {fileID: 0}
  m_PrefabAsset: {fileID: 0}
  m_GameObject: {fileID: 580961164}
  m_Enabled: 1
  m_Density: 1
  m_Material: {fileID: 0}
  m_IsTrigger: 0
  m_UsedByEffector: 0
  m_UsedByComposite: 0
  m_Offset: {x: 0, y: 0}
  m_SpriteTilingProperty:
    border: {x: 0, y: 0, z: 0, w: 0}
    pivot: {x: 0.5, y: 0.5}
    oldSize: {x: 1, y: 1}
    newSize: {x: 1, y: 1}
    adaptiveTilingThreshold: 0.5
    drawMode: 0
    adaptiveTiling: 0
  m_AutoTiling: 0
  serializedVersion: 2
  m_Size: {x: 1, y: 1}
  m_EdgeRadius: 0
--- !u!212 &580961167
SpriteRenderer:
  m_ObjectHideFlags: 0
  m_CorrespondingSourceObject: {fileID: 0}
  m_PrefabInstance: {fileID: 0}
  m_PrefabAsset: {fileID: 0}
  m_GameObject: {fileID: 580961164}
  m_Enabled: 1
  m_CastShadows: 0
  m_ReceiveShadows: 0
  m_DynamicOccludee: 1
  m_MotionVectors: 1
  m_LightProbeUsage: 1
  m_ReflectionProbeUsage: 1
  m_RayTracingMode: 0
  m_RayTraceProcedural: 0
  m_RenderingLayerMask: 1
  m_RendererPriority: 0
  m_Materials:
  - {fileID: 2100000, guid: a97c105638bdf8b4a8650670310a4cd3, type: 2}
  m_StaticBatchInfo:
    firstSubMesh: 0
    subMeshCount: 0
  m_StaticBatchRoot: {fileID: 0}
  m_ProbeAnchor: {fileID: 0}
  m_LightProbeVolumeOverride: {fileID: 0}
  m_ScaleInLightmap: 1
  m_ReceiveGI: 1
  m_PreserveUVs: 0
  m_IgnoreNormalsForChartDetection: 0
  m_ImportantGI: 0
  m_StitchLightmapSeams: 1
  m_SelectedEditorRenderState: 0
  m_MinimumChartSize: 4
  m_AutoUVMaxDistance: 0.5
  m_AutoUVMaxAngle: 89
  m_LightmapParameters: {fileID: 0}
  m_SortingLayerID: 0
  m_SortingLayer: 0
  m_SortingOrder: 0
  m_Sprite: {fileID: 7482667652216324306, guid: 48e93eef0688c4a259cb0eddcd8661f7, type: 3}
  m_Color: {r: 1, g: 1, b: 1, a: 1}
  m_FlipX: 0
  m_FlipY: 0
  m_DrawMode: 0
  m_Size: {x: 1, y: 1}
  m_AdaptiveModeThreshold: 0.5
  m_SpriteTileMode: 0
  m_WasSpriteAssigned: 1
  m_MaskInteraction: 0
  m_SpriteSortPoint: 0
--- !u!4 &580961168
Transform:
  m_ObjectHideFlags: 0
  m_CorrespondingSourceObject: {fileID: 0}
  m_PrefabInstance: {fileID: 0}
  m_PrefabAsset: {fileID: 0}
  m_GameObject: {fileID: 580961164}
  m_LocalRotation: {x: -0, y: -0, z: -0, w: 1}
  m_LocalPosition: {x: -2.131, y: 0, z: 0}
  m_LocalScale: {x: 1, y: 1, z: 1}
  m_Children: []
  m_Father: {fileID: 1488726030}
  m_RootOrder: 0
  m_LocalEulerAnglesHint: {x: 0, y: 0, z: 0}
--- !u!1 &686757957
GameObject:
  m_ObjectHideFlags: 0
  m_CorrespondingSourceObject: {fileID: 0}
  m_PrefabInstance: {fileID: 0}
  m_PrefabAsset: {fileID: 0}
  serializedVersion: 6
  m_Component:
  - component: {fileID: 686757961}
  - component: {fileID: 686757960}
  - component: {fileID: 686757959}
  - component: {fileID: 686757958}
  m_Layer: 6
  m_Name: 'Wall '
  m_TagString: Untagged
  m_Icon: {fileID: 0}
  m_NavMeshLayer: 0
  m_StaticEditorFlags: 0
  m_IsActive: 1
--- !u!114 &686757958
MonoBehaviour:
  m_ObjectHideFlags: 0
  m_CorrespondingSourceObject: {fileID: 0}
  m_PrefabInstance: {fileID: 0}
  m_PrefabAsset: {fileID: 0}
  m_GameObject: {fileID: 686757957}
  m_Enabled: 1
  m_EditorHideFlags: 0
  m_Script: {fileID: 11500000, guid: 71742937cedf386429fed87e3c2067ab, type: 3}
  m_Name: 
  m_EditorClassIdentifier: 
--- !u!61 &686757959
BoxCollider2D:
  m_ObjectHideFlags: 0
  m_CorrespondingSourceObject: {fileID: 0}
  m_PrefabInstance: {fileID: 0}
  m_PrefabAsset: {fileID: 0}
  m_GameObject: {fileID: 686757957}
  m_Enabled: 1
  m_Density: 1
  m_Material: {fileID: 0}
  m_IsTrigger: 0
  m_UsedByEffector: 0
  m_UsedByComposite: 0
  m_Offset: {x: 0, y: 0}
  m_SpriteTilingProperty:
    border: {x: 0, y: 0, z: 0, w: 0}
    pivot: {x: 0.5, y: 0.5}
    oldSize: {x: 1, y: 1}
    newSize: {x: 1, y: 1}
    adaptiveTilingThreshold: 0.5
    drawMode: 0
    adaptiveTiling: 0
  m_AutoTiling: 0
  serializedVersion: 2
  m_Size: {x: 1, y: 1}
  m_EdgeRadius: 0
--- !u!212 &686757960
SpriteRenderer:
  m_ObjectHideFlags: 0
  m_CorrespondingSourceObject: {fileID: 0}
  m_PrefabInstance: {fileID: 0}
  m_PrefabAsset: {fileID: 0}
  m_GameObject: {fileID: 686757957}
  m_Enabled: 1
  m_CastShadows: 0
  m_ReceiveShadows: 0
  m_DynamicOccludee: 1
  m_MotionVectors: 1
  m_LightProbeUsage: 1
  m_ReflectionProbeUsage: 1
  m_RayTracingMode: 0
  m_RayTraceProcedural: 0
  m_RenderingLayerMask: 1
  m_RendererPriority: 0
  m_Materials:
  - {fileID: 2100000, guid: a97c105638bdf8b4a8650670310a4cd3, type: 2}
  m_StaticBatchInfo:
    firstSubMesh: 0
    subMeshCount: 0
  m_StaticBatchRoot: {fileID: 0}
  m_ProbeAnchor: {fileID: 0}
  m_LightProbeVolumeOverride: {fileID: 0}
  m_ScaleInLightmap: 1
  m_ReceiveGI: 1
  m_PreserveUVs: 0
  m_IgnoreNormalsForChartDetection: 0
  m_ImportantGI: 0
  m_StitchLightmapSeams: 1
  m_SelectedEditorRenderState: 0
  m_MinimumChartSize: 4
  m_AutoUVMaxDistance: 0.5
  m_AutoUVMaxAngle: 89
  m_LightmapParameters: {fileID: 0}
  m_SortingLayerID: 0
  m_SortingLayer: 0
  m_SortingOrder: 0
  m_Sprite: {fileID: 7482667652216324306, guid: 48e93eef0688c4a259cb0eddcd8661f7, type: 3}
  m_Color: {r: 1, g: 1, b: 1, a: 1}
  m_FlipX: 0
  m_FlipY: 0
  m_DrawMode: 0
  m_Size: {x: 1, y: 1}
  m_AdaptiveModeThreshold: 0.5
  m_SpriteTileMode: 0
  m_WasSpriteAssigned: 1
  m_MaskInteraction: 0
  m_SpriteSortPoint: 0
--- !u!4 &686757961
Transform:
  m_ObjectHideFlags: 0
  m_CorrespondingSourceObject: {fileID: 0}
  m_PrefabInstance: {fileID: 0}
  m_PrefabAsset: {fileID: 0}
  m_GameObject: {fileID: 686757957}
  m_LocalRotation: {x: -0, y: -0, z: -0, w: 1}
  m_LocalPosition: {x: -1, y: 1.56, z: 0}
  m_LocalScale: {x: 11.725, y: 1.175, z: 1}
  m_Children: []
  m_Father: {fileID: 1488726030}
  m_RootOrder: 1
  m_LocalEulerAnglesHint: {x: 0, y: 0, z: 0}
--- !u!82 &735386788 stripped
AudioSource:
  m_CorrespondingSourceObject: {fileID: 8744989471894690575, guid: 4b301531e064dff48ae5d3d08f9177ec, type: 3}
  m_PrefabInstance: {fileID: 8744989471260624811}
  m_PrefabAsset: {fileID: 0}
--- !u!1 &862924501
GameObject:
  m_ObjectHideFlags: 0
  m_CorrespondingSourceObject: {fileID: 0}
  m_PrefabInstance: {fileID: 0}
  m_PrefabAsset: {fileID: 0}
  serializedVersion: 6
  m_Component:
  - component: {fileID: 862924502}
  m_Layer: 0
  m_Name: GameObject
  m_TagString: Untagged
  m_Icon: {fileID: 0}
  m_NavMeshLayer: 0
  m_StaticEditorFlags: 0
  m_IsActive: 1
--- !u!4 &862924502
Transform:
  m_ObjectHideFlags: 0
  m_CorrespondingSourceObject: {fileID: 0}
  m_PrefabInstance: {fileID: 0}
  m_PrefabAsset: {fileID: 0}
  m_GameObject: {fileID: 862924501}
  m_LocalRotation: {x: -0, y: -0, z: -0, w: 1}
  m_LocalPosition: {x: -11.583782, y: 1.6771582, z: -0.87383455}
  m_LocalScale: {x: 1, y: 1, z: 1}
  m_Children: []
  m_Father: {fileID: 1488726030}
  m_RootOrder: 2
  m_LocalEulerAnglesHint: {x: 0, y: 0, z: 0}
--- !u!1001 &864284447
PrefabInstance:
  m_ObjectHideFlags: 0
  serializedVersion: 2
  m_Modification:
    m_TransformParent: {fileID: 0}
    m_Modifications:
    - target: {fileID: 7984308481271403376, guid: e70a357dac802b940b9d7e5070076991, type: 3}
      propertyPath: m_RootOrder
      value: 1
      objectReference: {fileID: 0}
    - target: {fileID: 7984308481271403376, guid: e70a357dac802b940b9d7e5070076991, type: 3}
      propertyPath: m_LocalPosition.x
      value: 4.526157
      objectReference: {fileID: 0}
    - target: {fileID: 7984308481271403376, guid: e70a357dac802b940b9d7e5070076991, type: 3}
      propertyPath: m_LocalPosition.y
      value: 0.02332592
      objectReference: {fileID: 0}
    - target: {fileID: 7984308481271403376, guid: e70a357dac802b940b9d7e5070076991, type: 3}
      propertyPath: m_LocalPosition.z
      value: 0
      objectReference: {fileID: 0}
    - target: {fileID: 7984308481271403376, guid: e70a357dac802b940b9d7e5070076991, type: 3}
      propertyPath: m_LocalRotation.w
      value: 1
      objectReference: {fileID: 0}
    - target: {fileID: 7984308481271403376, guid: e70a357dac802b940b9d7e5070076991, type: 3}
      propertyPath: m_LocalRotation.x
      value: 0
      objectReference: {fileID: 0}
    - target: {fileID: 7984308481271403376, guid: e70a357dac802b940b9d7e5070076991, type: 3}
      propertyPath: m_LocalRotation.y
      value: 0
      objectReference: {fileID: 0}
    - target: {fileID: 7984308481271403376, guid: e70a357dac802b940b9d7e5070076991, type: 3}
      propertyPath: m_LocalRotation.z
      value: 0
      objectReference: {fileID: 0}
    - target: {fileID: 7984308481271403376, guid: e70a357dac802b940b9d7e5070076991, type: 3}
      propertyPath: m_LocalEulerAnglesHint.x
      value: 0
      objectReference: {fileID: 0}
    - target: {fileID: 7984308481271403376, guid: e70a357dac802b940b9d7e5070076991, type: 3}
      propertyPath: m_LocalEulerAnglesHint.y
      value: 0
      objectReference: {fileID: 0}
    - target: {fileID: 7984308481271403376, guid: e70a357dac802b940b9d7e5070076991, type: 3}
      propertyPath: m_LocalEulerAnglesHint.z
      value: 0
      objectReference: {fileID: 0}
    - target: {fileID: 7984308481271403380, guid: e70a357dac802b940b9d7e5070076991, type: 3}
      propertyPath: m_Name
      value: Enemy_2
      objectReference: {fileID: 0}
    - target: {fileID: 7984308481271403380, guid: e70a357dac802b940b9d7e5070076991, type: 3}
      propertyPath: m_IsActive
      value: 0
      objectReference: {fileID: 0}
    m_RemovedComponents: []
  m_SourcePrefab: {fileID: 100100000, guid: e70a357dac802b940b9d7e5070076991, type: 3}
--- !u!43 &893637676
Mesh:
  m_ObjectHideFlags: 0
  m_CorrespondingSourceObject: {fileID: 0}
  m_PrefabInstance: {fileID: 0}
  m_PrefabAsset: {fileID: 0}
  m_Name: 
  serializedVersion: 10
  m_SubMeshes:
  - serializedVersion: 2
    firstByte: 0
    indexCount: 42
    topology: 0
    baseVertex: 0
    firstVertex: 0
    vertexCount: 16
    localAABB:
      m_Center: {x: -0.010209322, y: 0.14293218, z: 0}
      m_Extent: {x: 0.27614522, y: 0.086027145, z: 0}
  m_Shapes:
    vertices: []
    shapes: []
    channels: []
    fullWeights: []
  m_BindPose: []
  m_BoneNameHashes: 
  m_RootBoneNameHash: 0
  m_BonesAABB: []
  m_VariableBoneCountWeights:
    m_Data: 
  m_MeshCompression: 0
  m_IsReadable: 1
  m_KeepVertices: 1
  m_KeepIndices: 1
  m_IndexFormat: 0
  m_IndexBuffer: 00000100020000000300010004000300000005000300040006000300050003000600070002000800000000000900040001000a00020003000b00010007000c00030004000d00050005000e00060006000f000700
  m_VertexData:
    serializedVersion: 3
    m_VertexCount: 16
    m_Channels:
    - stream: 0
      offset: 0
      format: 0
      dimension: 3
    - stream: 0
      offset: 0
      format: 0
      dimension: 0
    - stream: 0
      offset: 12
      format: 0
      dimension: 4
    - stream: 0
      offset: 28
      format: 0
      dimension: 4
    - stream: 0
      offset: 0
      format: 0
      dimension: 0
    - stream: 0
      offset: 0
      format: 0
      dimension: 0
    - stream: 0
      offset: 0
      format: 0
      dimension: 0
    - stream: 0
      offset: 0
      format: 0
      dimension: 0
    - stream: 0
      offset: 0
      format: 0
      dimension: 0
    - stream: 0
      offset: 0
      format: 0
      dimension: 0
    - stream: 0
      offset: 0
      format: 0
      dimension: 0
    - stream: 0
      offset: 0
      format: 0
      dimension: 0
    - stream: 0
      offset: 0
      format: 0
      dimension: 0
    - stream: 0
      offset: 0
      format: 0
      dimension: 0
    m_DataSize: 704
    _typelessdata: 30a30d3e303a653e0000000077624bbf22781bbf000000000000008030a30d3e303a653e30a30d3e303a653ec028883e4015693d000000000669973ccef47f3f0000008000000080c028883e4015693dc028883e4015693d58fa4e3ec0bf0f3e0000000077624bbf22781bbf0000000000000080c028883e4015693d30a30d3e303a653e004527bc00fe7d3d000000000669973ccef47f3f0000008000000080109d92be6073893dc028883e4015693d804527bc40d7673e00000000d5bf8cbc53f67fbf000000000000008030a30d3e303a653ee08b22be50746a3ee08b22be50746a3e00000000d5bf8cbc53f67fbf0000000000000080e08b22be50746a3ee08b22be50746a3e00e363be0097173e00000000ef05493fc6821ebf0000008000000080e08b22be50746a3e109d92be6073893d109d92be6073893d00000000ef05493fc6821ebf0000008000000080109d92be6073893d109d92be6073893d58fa4e3ec0bf0f3e0000000077624bbf22781bbf0000000000000080c028883e4015693d30a30d3e303a653e30a30d3e303a653e00000000d5bf8cbc53f67fbf000000000000008030a30d3e303a653e30a30d3e303a653ec028883e4015693d0000000077624bbf22781bbf0000000000000080c028883e4015693dc028883e4015693d004527bc00fe7d3d000000000669973ccef47f3f0000008000000080109d92be6073893dc028883e4015693d109d92be6073893d000000000669973ccef47f3f0000008000000080109d92be6073893d109d92be6073893d804527bc40d7673e00000000d5bf8cbc53f67fbf000000000000008030a30d3e303a653ee08b22be50746a3ee08b22be50746a3e00000000ef05493fc6821ebf0000008000000080e08b22be50746a3ee08b22be50746a3e00e363be0097173e00000000ef05493fc6821ebf0000008000000080e08b22be50746a3e109d92be6073893d
  m_CompressedMesh:
    m_Vertices:
      m_NumItems: 0
      m_Range: 0
      m_Start: 0
      m_Data: 
      m_BitSize: 0
    m_UV:
      m_NumItems: 0
      m_Range: 0
      m_Start: 0
      m_Data: 
      m_BitSize: 0
    m_Normals:
      m_NumItems: 0
      m_Range: 0
      m_Start: 0
      m_Data: 
      m_BitSize: 0
    m_Tangents:
      m_NumItems: 0
      m_Range: 0
      m_Start: 0
      m_Data: 
      m_BitSize: 0
    m_Weights:
      m_NumItems: 0
      m_Data: 
      m_BitSize: 0
    m_NormalSigns:
      m_NumItems: 0
      m_Data: 
      m_BitSize: 0
    m_TangentSigns:
      m_NumItems: 0
      m_Data: 
      m_BitSize: 0
    m_FloatColors:
      m_NumItems: 0
      m_Range: 0
      m_Start: 0
      m_Data: 
      m_BitSize: 0
    m_BoneIndices:
      m_NumItems: 0
      m_Data: 
      m_BitSize: 0
    m_Triangles:
      m_NumItems: 0
      m_Data: 
      m_BitSize: 0
    m_UVInfo: 0
  m_LocalAABB:
    m_Center: {x: -0.010209322, y: 0.14293218, z: 0}
    m_Extent: {x: 0.27614522, y: 0.086027145, z: 0}
  m_MeshUsageFlags: 0
  m_BakedConvexCollisionMesh: 
  m_BakedTriangleCollisionMesh: 
  m_MeshMetrics[0]: 1
  m_MeshMetrics[1]: 1
  m_MeshOptimizationFlags: 1
  m_StreamData:
    serializedVersion: 2
    offset: 0
    size: 0
    path: 
--- !u!43 &908551698
Mesh:
  m_ObjectHideFlags: 0
  m_CorrespondingSourceObject: {fileID: 0}
  m_PrefabInstance: {fileID: 0}
  m_PrefabAsset: {fileID: 0}
  m_Name: 
  serializedVersion: 10
  m_SubMeshes:
  - serializedVersion: 2
    firstByte: 0
    indexCount: 42
    topology: 0
    baseVertex: 0
    firstVertex: 0
    vertexCount: 16
    localAABB:
      m_Center: {x: 0.0042459965, y: 0.1379968, z: 0}
      m_Extent: {x: 0.28125, y: 0.08075321, z: 0}
  m_Shapes:
    vertices: []
    shapes: []
    channels: []
    fullWeights: []
  m_BindPose: []
  m_BoneNameHashes: 
  m_RootBoneNameHash: 0
  m_BonesAABB: []
  m_VariableBoneCountWeights:
    m_Data: 
  m_MeshCompression: 0
  m_IsReadable: 1
  m_KeepVertices: 1
  m_KeepIndices: 1
  m_IndexFormat: 0
  m_IndexBuffer: 00000100020003000100000003000400010005000400030006000400050004000600070002000800000000000900030001000a00020004000b00010003000c00050007000d00040005000e00060006000f000700
  m_VertexData:
    serializedVersion: 3
    m_VertexCount: 16
    m_Channels:
    - stream: 0
      offset: 0
      format: 0
      dimension: 3
    - stream: 0
      offset: 0
      format: 0
      dimension: 0
    - stream: 0
      offset: 12
      format: 0
      dimension: 4
    - stream: 0
      offset: 28
      format: 0
      dimension: 4
    - stream: 0
      offset: 0
      format: 0
      dimension: 0
    - stream: 0
      offset: 0
      format: 0
      dimension: 0
    - stream: 0
      offset: 0
      format: 0
      dimension: 0
    - stream: 0
      offset: 0
      format: 0
      dimension: 0
    - stream: 0
      offset: 0
      format: 0
      dimension: 0
    - stream: 0
      offset: 0
      format: 0
      dimension: 0
    - stream: 0
      offset: 0
      format: 0
      dimension: 0
    - stream: 0
      offset: 0
      format: 0
      dimension: 0
    - stream: 0
      offset: 0
      format: 0
      dimension: 0
    - stream: 0
      offset: 0
      format: 0
      dimension: 0
    m_DataSize: 704
    _typelessdata: 30ff3b3ec0f4523e00000000953353bffbab10bf000000000000008030ff3b3ec0f4523e30ff3b3ec0f4523e882c923e40786a3d00000000ad51773c89f87f3f0000008000000080882c923e40786a3d882c923e40786a3d202c703e68c9063e00000000953353bffbab10bf0000000000000080882c923e40786a3d30ff3b3ec0f4523e00228b3b607a593e00000000e55e11bdb7d67fbf000000000000008030ff3b3ec0f4523e104d33be0000603e00228b3b80dc7b3d00000000ad51773c89f87f3f000000800000008078d38dbe60a0863d882c923e40786a3d104d33be0000603e00000000e55e11bdb7d67fbf0000000000000080104d33be0000603e104d33be0000603e007a67be18a8113e000000006612553f18e70dbf0000008000000080104d33be0000603e78d38dbe60a0863d78d38dbe60a0863d000000006612553f18e70dbf000000800000008078d38dbe60a0863d78d38dbe60a0863d202c703e68c9063e00000000953353bffbab10bf0000000000000080882c923e40786a3d30ff3b3ec0f4523e30ff3b3ec0f4523e00000000e55e11bdb7d67fbf000000000000008030ff3b3ec0f4523e30ff3b3ec0f4523e882c923e40786a3d00000000953353bffbab10bf0000000000000080882c923e40786a3d882c923e40786a3d00228b3b80dc7b3d00000000ad51773c89f87f3f000000800000008078d38dbe60a0863d882c923e40786a3d00228b3b607a593e00000000e55e11bdb7d67fbf000000000000008030ff3b3ec0f4523e104d33be0000603e78d38dbe60a0863d00000000ad51773c89f87f3f000000800000008078d38dbe60a0863d78d38dbe60a0863d104d33be0000603e000000006612553f18e70dbf0000008000000080104d33be0000603e104d33be0000603e007a67be18a8113e000000006612553f18e70dbf0000008000000080104d33be0000603e78d38dbe60a0863d
  m_CompressedMesh:
    m_Vertices:
      m_NumItems: 0
      m_Range: 0
      m_Start: 0
      m_Data: 
      m_BitSize: 0
    m_UV:
      m_NumItems: 0
      m_Range: 0
      m_Start: 0
      m_Data: 
      m_BitSize: 0
    m_Normals:
      m_NumItems: 0
      m_Range: 0
      m_Start: 0
      m_Data: 
      m_BitSize: 0
    m_Tangents:
      m_NumItems: 0
      m_Range: 0
      m_Start: 0
      m_Data: 
      m_BitSize: 0
    m_Weights:
      m_NumItems: 0
      m_Data: 
      m_BitSize: 0
    m_NormalSigns:
      m_NumItems: 0
      m_Data: 
      m_BitSize: 0
    m_TangentSigns:
      m_NumItems: 0
      m_Data: 
      m_BitSize: 0
    m_FloatColors:
      m_NumItems: 0
      m_Range: 0
      m_Start: 0
      m_Data: 
      m_BitSize: 0
    m_BoneIndices:
      m_NumItems: 0
      m_Data: 
      m_BitSize: 0
    m_Triangles:
      m_NumItems: 0
      m_Data: 
      m_BitSize: 0
    m_UVInfo: 0
  m_LocalAABB:
    m_Center: {x: 0.0042459965, y: 0.1379968, z: 0}
    m_Extent: {x: 0.28125, y: 0.08075321, z: 0}
  m_MeshUsageFlags: 0
  m_BakedConvexCollisionMesh: 
  m_BakedTriangleCollisionMesh: 
  m_MeshMetrics[0]: 1
  m_MeshMetrics[1]: 1
  m_MeshOptimizationFlags: 1
  m_StreamData:
    serializedVersion: 2
    offset: 0
    size: 0
    path: 
--- !u!4 &932853204 stripped
Transform:
  m_CorrespondingSourceObject: {fileID: 6258878230830383, guid: 0732658466f588f458d043c1002fd9bd, type: 3}
  m_PrefabInstance: {fileID: 6258877905381627}
  m_PrefabAsset: {fileID: 0}
--- !u!1 &1156103652
GameObject:
  m_ObjectHideFlags: 0
  m_CorrespondingSourceObject: {fileID: 0}
  m_PrefabInstance: {fileID: 0}
  m_PrefabAsset: {fileID: 0}
  serializedVersion: 6
  m_Component:
  - component: {fileID: 1156103656}
  - component: {fileID: 1156103655}
  - component: {fileID: 1156103654}
  - component: {fileID: 1156103653}
  m_Layer: 0
  m_Name: Goal
  m_TagString: Untagged
  m_Icon: {fileID: 0}
  m_NavMeshLayer: 0
  m_StaticEditorFlags: 0
  m_IsActive: 1
--- !u!114 &1156103653
MonoBehaviour:
  m_ObjectHideFlags: 0
  m_CorrespondingSourceObject: {fileID: 0}
  m_PrefabInstance: {fileID: 0}
  m_PrefabAsset: {fileID: 0}
  m_GameObject: {fileID: 1156103652}
  m_Enabled: 1
  m_EditorHideFlags: 0
  m_Script: {fileID: 11500000, guid: baabfbedd01309e46a1a41a92741a97b, type: 3}
  m_Name: 
  m_EditorClassIdentifier: 
--- !u!61 &1156103654
BoxCollider2D:
  m_ObjectHideFlags: 0
  m_CorrespondingSourceObject: {fileID: 0}
  m_PrefabInstance: {fileID: 0}
  m_PrefabAsset: {fileID: 0}
  m_GameObject: {fileID: 1156103652}
  m_Enabled: 1
  m_Density: 1
  m_Material: {fileID: 0}
  m_IsTrigger: 1
  m_UsedByEffector: 0
  m_UsedByComposite: 0
  m_Offset: {x: 0, y: 0}
  m_SpriteTilingProperty:
    border: {x: 0, y: 0, z: 0, w: 0}
    pivot: {x: 0.5, y: 0.5}
    oldSize: {x: 1, y: 1}
    newSize: {x: 1, y: 1}
    adaptiveTilingThreshold: 0.5
    drawMode: 0
    adaptiveTiling: 0
  m_AutoTiling: 0
  serializedVersion: 2
  m_Size: {x: 1, y: 1}
  m_EdgeRadius: 0
--- !u!212 &1156103655
SpriteRenderer:
  m_ObjectHideFlags: 0
  m_CorrespondingSourceObject: {fileID: 0}
  m_PrefabInstance: {fileID: 0}
  m_PrefabAsset: {fileID: 0}
  m_GameObject: {fileID: 1156103652}
  m_Enabled: 1
  m_CastShadows: 0
  m_ReceiveShadows: 0
  m_DynamicOccludee: 1
  m_MotionVectors: 1
  m_LightProbeUsage: 1
  m_ReflectionProbeUsage: 1
  m_RayTracingMode: 0
  m_RayTraceProcedural: 0
  m_RenderingLayerMask: 1
  m_RendererPriority: 0
  m_Materials:
  - {fileID: 2100000, guid: a97c105638bdf8b4a8650670310a4cd3, type: 2}
  m_StaticBatchInfo:
    firstSubMesh: 0
    subMeshCount: 0
  m_StaticBatchRoot: {fileID: 0}
  m_ProbeAnchor: {fileID: 0}
  m_LightProbeVolumeOverride: {fileID: 0}
  m_ScaleInLightmap: 1
  m_ReceiveGI: 1
  m_PreserveUVs: 0
  m_IgnoreNormalsForChartDetection: 0
  m_ImportantGI: 0
  m_StitchLightmapSeams: 1
  m_SelectedEditorRenderState: 0
  m_MinimumChartSize: 4
  m_AutoUVMaxDistance: 0.5
  m_AutoUVMaxAngle: 89
  m_LightmapParameters: {fileID: 0}
  m_SortingLayerID: 0
  m_SortingLayer: 0
  m_SortingOrder: 0
  m_Sprite: {fileID: 7482667652216324306, guid: 48e93eef0688c4a259cb0eddcd8661f7, type: 3}
  m_Color: {r: 1, g: 1, b: 1, a: 1}
  m_FlipX: 0
  m_FlipY: 0
  m_DrawMode: 0
  m_Size: {x: 1, y: 1}
  m_AdaptiveModeThreshold: 0.5
  m_SpriteTileMode: 0
  m_WasSpriteAssigned: 1
  m_MaskInteraction: 0
  m_SpriteSortPoint: 0
--- !u!4 &1156103656
Transform:
  m_ObjectHideFlags: 0
  m_CorrespondingSourceObject: {fileID: 0}
  m_PrefabInstance: {fileID: 0}
  m_PrefabAsset: {fileID: 0}
  m_GameObject: {fileID: 1156103652}
  m_LocalRotation: {x: -0, y: -0, z: -0, w: 1}
  m_LocalPosition: {x: 1.58, y: 2.91, z: 0}
  m_LocalScale: {x: 1, y: 1, z: 1}
  m_Children: []
  m_Father: {fileID: 1488726030}
  m_RootOrder: 4
  m_LocalEulerAnglesHint: {x: 0, y: 0, z: 0}
--- !u!1 &1206452074
GameObject:
  m_ObjectHideFlags: 0
  m_CorrespondingSourceObject: {fileID: 0}
  m_PrefabInstance: {fileID: 0}
  m_PrefabAsset: {fileID: 0}
  serializedVersion: 6
  m_Component:
  - component: {fileID: 1206452077}
  - component: {fileID: 1206452076}
  - component: {fileID: 1206452075}
  - component: {fileID: 1206452079}
  - component: {fileID: 1206452078}
  m_Layer: 0
  m_Name: Enemy_3
  m_TagString: Untagged
  m_Icon: {fileID: 0}
  m_NavMeshLayer: 0
  m_StaticEditorFlags: 0
  m_IsActive: 1
--- !u!95 &1206452075
Animator:
  serializedVersion: 3
  m_ObjectHideFlags: 0
  m_CorrespondingSourceObject: {fileID: 0}
  m_PrefabInstance: {fileID: 0}
  m_PrefabAsset: {fileID: 0}
  m_GameObject: {fileID: 1206452074}
  m_Enabled: 1
  m_Avatar: {fileID: 0}
  m_Controller: {fileID: 9100000, guid: 283fc6867399d944bae578825ce7c81c, type: 2}
  m_CullingMode: 0
  m_UpdateMode: 0
  m_ApplyRootMotion: 0
  m_LinearVelocityBlending: 0
  m_WarningMessage: 
  m_HasTransformHierarchy: 1
  m_AllowConstantClipSamplingOptimization: 1
  m_KeepAnimatorControllerStateOnDisable: 0
--- !u!212 &1206452076
SpriteRenderer:
  m_ObjectHideFlags: 0
  m_CorrespondingSourceObject: {fileID: 0}
  m_PrefabInstance: {fileID: 0}
  m_PrefabAsset: {fileID: 0}
  m_GameObject: {fileID: 1206452074}
  m_Enabled: 1
  m_CastShadows: 0
  m_ReceiveShadows: 0
  m_DynamicOccludee: 1
  m_MotionVectors: 1
  m_LightProbeUsage: 1
  m_ReflectionProbeUsage: 1
  m_RayTracingMode: 0
  m_RayTraceProcedural: 0
  m_RenderingLayerMask: 1
  m_RendererPriority: 0
  m_Materials:
  - {fileID: 2100000, guid: a97c105638bdf8b4a8650670310a4cd3, type: 2}
  m_StaticBatchInfo:
    firstSubMesh: 0
    subMeshCount: 0
  m_StaticBatchRoot: {fileID: 0}
  m_ProbeAnchor: {fileID: 0}
  m_LightProbeVolumeOverride: {fileID: 0}
  m_ScaleInLightmap: 1
  m_ReceiveGI: 1
  m_PreserveUVs: 0
  m_IgnoreNormalsForChartDetection: 0
  m_ImportantGI: 0
  m_StitchLightmapSeams: 1
  m_SelectedEditorRenderState: 0
  m_MinimumChartSize: 4
  m_AutoUVMaxDistance: 0.5
  m_AutoUVMaxAngle: 89
  m_LightmapParameters: {fileID: 0}
  m_SortingLayerID: 0
  m_SortingLayer: 0
  m_SortingOrder: 0
  m_Sprite: {fileID: -4538063122725819375, guid: 342c4f87356f9134b87b10135dc89264, type: 3}
  m_Color: {r: 1, g: 1, b: 1, a: 1}
  m_FlipX: 0
  m_FlipY: 0
  m_DrawMode: 0
  m_Size: {x: 0.1875, y: 0.15625}
  m_AdaptiveModeThreshold: 0.5
  m_SpriteTileMode: 0
  m_WasSpriteAssigned: 1
  m_MaskInteraction: 0
  m_SpriteSortPoint: 0
--- !u!4 &1206452077
Transform:
  m_ObjectHideFlags: 0
  m_CorrespondingSourceObject: {fileID: 0}
  m_PrefabInstance: {fileID: 0}
  m_PrefabAsset: {fileID: 0}
  m_GameObject: {fileID: 1206452074}
  m_LocalRotation: {x: 0, y: 0, z: 0, w: 1}
  m_LocalPosition: {x: -1.538, y: 0, z: 0}
  m_LocalScale: {x: 1, y: 1, z: 1}
  m_Children: []
  m_Father: {fileID: 0}
  m_RootOrder: 12
  m_LocalEulerAnglesHint: {x: 0, y: 0, z: 0}
--- !u!61 &1206452078
BoxCollider2D:
  m_ObjectHideFlags: 0
  m_CorrespondingSourceObject: {fileID: 0}
  m_PrefabInstance: {fileID: 0}
  m_PrefabAsset: {fileID: 0}
  m_GameObject: {fileID: 1206452074}
  m_Enabled: 1
  m_Density: 1
  m_Material: {fileID: 0}
  m_IsTrigger: 0
  m_UsedByEffector: 0
  m_UsedByComposite: 0
  m_Offset: {x: 0, y: 0}
  m_SpriteTilingProperty:
    border: {x: 0, y: 0, z: 0, w: 0}
    pivot: {x: 0.5, y: 0.5}
    oldSize: {x: 0.1875, y: 0.15625}
    newSize: {x: 0.1875, y: 0.15625}
    adaptiveTilingThreshold: 0.5
    drawMode: 0
    adaptiveTiling: 0
  m_AutoTiling: 0
  serializedVersion: 2
  m_Size: {x: 0.1875, y: 0.15625}
  m_EdgeRadius: 0
--- !u!114 &1206452079
MonoBehaviour:
  m_ObjectHideFlags: 0
  m_CorrespondingSourceObject: {fileID: 0}
  m_PrefabInstance: {fileID: 0}
  m_PrefabAsset: {fileID: 0}
  m_GameObject: {fileID: 1206452074}
  m_Enabled: 1
  m_EditorHideFlags: 0
  m_Script: {fileID: 11500000, guid: 8a27eda65fb81c44eb84faacb61f40a8, type: 3}
  m_Name: 
  m_EditorClassIdentifier: 
  _web: {fileID: 0}
  _offset: 0
  _speed: 0
  EnemyTypeSelection: 2
  EnemyDirection: 0
--- !u!1 &1334722251
GameObject:
  m_ObjectHideFlags: 0
  m_CorrespondingSourceObject: {fileID: 0}
  m_PrefabInstance: {fileID: 0}
  m_PrefabAsset: {fileID: 0}
  serializedVersion: 6
  m_Component:
  - component: {fileID: 1334722252}
  m_Layer: 0
  m_Name: Official
  m_TagString: Untagged
  m_Icon: {fileID: 0}
  m_NavMeshLayer: 0
  m_StaticEditorFlags: 0
  m_IsActive: 1
--- !u!4 &1334722252
Transform:
  m_ObjectHideFlags: 0
  m_CorrespondingSourceObject: {fileID: 0}
  m_PrefabInstance: {fileID: 0}
  m_PrefabAsset: {fileID: 0}
  m_GameObject: {fileID: 1334722251}
  m_LocalRotation: {x: 0, y: 0, z: 0, w: 1}
  m_LocalPosition: {x: -11.583782, y: 1.6771582, z: -0.87383455}
  m_LocalScale: {x: 1, y: 1, z: 1}
  m_Children:
  - {fileID: 1999994631}
  - {fileID: 315883512}
  - {fileID: 232700833}
  - {fileID: 932853204}
  - {fileID: 146940920}
  m_Father: {fileID: 0}
  m_RootOrder: 4
  m_LocalEulerAnglesHint: {x: 0, y: 0, z: 0}
--- !u!1 &1469409753 stripped
GameObject:
  m_CorrespondingSourceObject: {fileID: 7524312826864224657, guid: 310177f67a7cce24e9b6e139c1e337c0, type: 3}
  m_PrefabInstance: {fileID: 7524312827239998550}
  m_PrefabAsset: {fileID: 0}
--- !u!114 &1469409754
MonoBehaviour:
  m_ObjectHideFlags: 0
  m_CorrespondingSourceObject: {fileID: 0}
  m_PrefabInstance: {fileID: 0}
  m_PrefabAsset: {fileID: 0}
  m_GameObject: {fileID: 1469409753}
  m_Enabled: 1
  m_EditorHideFlags: 0
  m_Script: {fileID: 11500000, guid: 2f4c7ee933c6063429891e73e3f390c1, type: 3}
  m_Name: 
  m_EditorClassIdentifier: 
  _messages:
  - Hello there, my name is Heli-Hero. I'm here to rescue you.
  - Thank you Heli-Hero! I'll do whatever you say.
  - Just hold on to me and We will get out of this one alive.
  _names:
  - Heli-Hero
  - Miner
  _dialogueBox: {fileID: 564922450}
--- !u!1 &1488726029
GameObject:
  m_ObjectHideFlags: 0
  m_CorrespondingSourceObject: {fileID: 0}
  m_PrefabInstance: {fileID: 0}
  m_PrefabAsset: {fileID: 0}
  serializedVersion: 6
  m_Component:
  - component: {fileID: 1488726030}
  m_Layer: 0
  m_Name: Environment
  m_TagString: Untagged
  m_Icon: {fileID: 0}
  m_NavMeshLayer: 0
  m_StaticEditorFlags: 0
  m_IsActive: 1
--- !u!4 &1488726030
Transform:
  m_ObjectHideFlags: 0
  m_CorrespondingSourceObject: {fileID: 0}
  m_PrefabInstance: {fileID: 0}
  m_PrefabAsset: {fileID: 0}
  m_GameObject: {fileID: 1488726029}
  m_LocalRotation: {x: 0, y: 0, z: 0, w: 1}
  m_LocalPosition: {x: 0, y: 0, z: 0}
  m_LocalScale: {x: 1, y: 1, z: 1}
  m_Children:
  - {fileID: 580961168}
  - {fileID: 686757961}
  - {fileID: 862924502}
  - {fileID: 1623158667}
  - {fileID: 1156103656}
  m_Father: {fileID: 0}
  m_RootOrder: 8
  m_LocalEulerAnglesHint: {x: 0, y: 0, z: 0}
--- !u!1 &1551605469
GameObject:
  m_ObjectHideFlags: 0
  m_CorrespondingSourceObject: {fileID: 0}
  m_PrefabInstance: {fileID: 0}
  m_PrefabAsset: {fileID: 0}
  serializedVersion: 6
  m_Component:
  - component: {fileID: 1551605472}
  - component: {fileID: 1551605471}
  - component: {fileID: 1551605470}
  m_Layer: 6
  m_Name: Square
  m_TagString: Untagged
  m_Icon: {fileID: 0}
  m_NavMeshLayer: 0
  m_StaticEditorFlags: 0
  m_IsActive: 1
--- !u!61 &1551605470
BoxCollider2D:
  m_ObjectHideFlags: 0
  m_CorrespondingSourceObject: {fileID: 0}
  m_PrefabInstance: {fileID: 0}
  m_PrefabAsset: {fileID: 0}
  m_GameObject: {fileID: 1551605469}
  m_Enabled: 1
  m_Density: 1
  m_Material: {fileID: 0}
  m_IsTrigger: 0
  m_UsedByEffector: 0
  m_UsedByComposite: 0
  m_Offset: {x: 0, y: 0}
  m_SpriteTilingProperty:
    border: {x: 0, y: 0, z: 0, w: 0}
    pivot: {x: 0.5, y: 0.5}
    oldSize: {x: 1, y: 1}
    newSize: {x: 1, y: 1}
    adaptiveTilingThreshold: 0.5
    drawMode: 0
    adaptiveTiling: 0
  m_AutoTiling: 0
  serializedVersion: 2
  m_Size: {x: 1, y: 1}
  m_EdgeRadius: 0
--- !u!212 &1551605471
SpriteRenderer:
  m_ObjectHideFlags: 0
  m_CorrespondingSourceObject: {fileID: 0}
  m_PrefabInstance: {fileID: 0}
  m_PrefabAsset: {fileID: 0}
  m_GameObject: {fileID: 1551605469}
  m_Enabled: 1
  m_CastShadows: 0
  m_ReceiveShadows: 0
  m_DynamicOccludee: 1
  m_MotionVectors: 1
  m_LightProbeUsage: 1
  m_ReflectionProbeUsage: 1
  m_RayTracingMode: 0
  m_RayTraceProcedural: 0
  m_RenderingLayerMask: 1
  m_RendererPriority: 0
  m_Materials:
  - {fileID: 2100000, guid: a97c105638bdf8b4a8650670310a4cd3, type: 2}
  m_StaticBatchInfo:
    firstSubMesh: 0
    subMeshCount: 0
  m_StaticBatchRoot: {fileID: 0}
  m_ProbeAnchor: {fileID: 0}
  m_LightProbeVolumeOverride: {fileID: 0}
  m_ScaleInLightmap: 1
  m_ReceiveGI: 1
  m_PreserveUVs: 0
  m_IgnoreNormalsForChartDetection: 0
  m_ImportantGI: 0
  m_StitchLightmapSeams: 1
  m_SelectedEditorRenderState: 0
  m_MinimumChartSize: 4
  m_AutoUVMaxDistance: 0.5
  m_AutoUVMaxAngle: 89
  m_LightmapParameters: {fileID: 0}
  m_SortingLayerID: 0
  m_SortingLayer: 0
  m_SortingOrder: 0
  m_Sprite: {fileID: 7482667652216324306, guid: 48e93eef0688c4a259cb0eddcd8661f7, type: 3}
  m_Color: {r: 1, g: 1, b: 1, a: 1}
  m_FlipX: 0
  m_FlipY: 0
  m_DrawMode: 0
  m_Size: {x: 1, y: 1}
  m_AdaptiveModeThreshold: 0.5
  m_SpriteTileMode: 0
  m_WasSpriteAssigned: 1
  m_MaskInteraction: 0
  m_SpriteSortPoint: 0
--- !u!4 &1551605472
Transform:
  m_ObjectHideFlags: 0
  m_CorrespondingSourceObject: {fileID: 0}
  m_PrefabInstance: {fileID: 0}
  m_PrefabAsset: {fileID: 0}
  m_GameObject: {fileID: 1551605469}
  m_LocalRotation: {x: 0, y: 0, z: 0, w: 1}
  m_LocalPosition: {x: -1.1, y: -4.73, z: 0}
  m_LocalScale: {x: 11.725, y: 1.175, z: 1}
  m_Children: []
  m_Father: {fileID: 0}
  m_RootOrder: 6
  m_LocalEulerAnglesHint: {x: 0, y: 0, z: 0}
--- !u!1 &1596366687
GameObject:
  m_ObjectHideFlags: 0
  m_CorrespondingSourceObject: {fileID: 0}
  m_PrefabInstance: {fileID: 0}
  m_PrefabAsset: {fileID: 0}
  serializedVersion: 6
  m_Component:
  - component: {fileID: 1596366690}
  - component: {fileID: 1596366689}
  - component: {fileID: 1596366688}
  m_Layer: 0
  m_Name: EventSystem
  m_TagString: Untagged
  m_Icon: {fileID: 0}
  m_NavMeshLayer: 0
  m_StaticEditorFlags: 0
  m_IsActive: 1
--- !u!114 &1596366688
MonoBehaviour:
  m_ObjectHideFlags: 0
  m_CorrespondingSourceObject: {fileID: 0}
  m_PrefabInstance: {fileID: 0}
  m_PrefabAsset: {fileID: 0}
  m_GameObject: {fileID: 1596366687}
  m_Enabled: 1
  m_EditorHideFlags: 0
  m_Script: {fileID: 11500000, guid: 01614664b831546d2ae94a42149d80ac, type: 3}
  m_Name: 
  m_EditorClassIdentifier: 
  m_MoveRepeatDelay: 0.5
  m_MoveRepeatRate: 0.1
  m_ActionsAsset: {fileID: -944628639613478452, guid: ca9f5fa95ffab41fb9a615ab714db018, type: 3}
  m_PointAction: {fileID: 1054132383583890850, guid: ca9f5fa95ffab41fb9a615ab714db018, type: 3}
  m_MoveAction: {fileID: 3710738434707379630, guid: ca9f5fa95ffab41fb9a615ab714db018, type: 3}
  m_SubmitAction: {fileID: 2064916234097673511, guid: ca9f5fa95ffab41fb9a615ab714db018, type: 3}
  m_CancelAction: {fileID: -1967631576421560919, guid: ca9f5fa95ffab41fb9a615ab714db018, type: 3}
  m_LeftClickAction: {fileID: 8056856818456041789, guid: ca9f5fa95ffab41fb9a615ab714db018, type: 3}
  m_MiddleClickAction: {fileID: 3279352641294131588, guid: ca9f5fa95ffab41fb9a615ab714db018, type: 3}
  m_RightClickAction: {fileID: 3837173908680883260, guid: ca9f5fa95ffab41fb9a615ab714db018, type: 3}
  m_ScrollWheelAction: {fileID: 4502412055082496612, guid: ca9f5fa95ffab41fb9a615ab714db018, type: 3}
  m_TrackedDevicePositionAction: {fileID: 4754684134866288074, guid: ca9f5fa95ffab41fb9a615ab714db018, type: 3}
  m_TrackedDeviceOrientationAction: {fileID: 1025543830046995696, guid: ca9f5fa95ffab41fb9a615ab714db018, type: 3}
  m_DeselectOnBackgroundClick: 1
  m_PointerBehavior: 0
--- !u!114 &1596366689
MonoBehaviour:
  m_ObjectHideFlags: 0
  m_CorrespondingSourceObject: {fileID: 0}
  m_PrefabInstance: {fileID: 0}
  m_PrefabAsset: {fileID: 0}
  m_GameObject: {fileID: 1596366687}
  m_Enabled: 1
  m_EditorHideFlags: 0
  m_Script: {fileID: 11500000, guid: 76c392e42b5098c458856cdf6ecaaaa1, type: 3}
  m_Name: 
  m_EditorClassIdentifier: 
  m_FirstSelected: {fileID: 0}
  m_sendNavigationEvents: 1
  m_DragThreshold: 10
--- !u!4 &1596366690
Transform:
  m_ObjectHideFlags: 0
  m_CorrespondingSourceObject: {fileID: 0}
  m_PrefabInstance: {fileID: 0}
  m_PrefabAsset: {fileID: 0}
  m_GameObject: {fileID: 1596366687}
  m_LocalRotation: {x: 0, y: 0, z: 0, w: 1}
  m_LocalPosition: {x: 0, y: 0, z: 0}
  m_LocalScale: {x: 1, y: 1, z: 1}
  m_Children: []
  m_Father: {fileID: 0}
  m_RootOrder: 7
  m_LocalEulerAnglesHint: {x: 0, y: 0, z: 0}
--- !u!1 &1623158664
GameObject:
  m_ObjectHideFlags: 0
  m_CorrespondingSourceObject: {fileID: 0}
  m_PrefabInstance: {fileID: 0}
  m_PrefabAsset: {fileID: 0}
  serializedVersion: 6
  m_Component:
  - component: {fileID: 1623158667}
  - component: {fileID: 1623158666}
  - component: {fileID: 1623158665}
  - component: {fileID: 1623158668}
  m_Layer: 0
  m_Name: CheckPoint
  m_TagString: Untagged
  m_Icon: {fileID: 0}
  m_NavMeshLayer: 0
  m_StaticEditorFlags: 0
  m_IsActive: 1
--- !u!61 &1623158665
BoxCollider2D:
  m_ObjectHideFlags: 0
  m_CorrespondingSourceObject: {fileID: 0}
  m_PrefabInstance: {fileID: 0}
  m_PrefabAsset: {fileID: 0}
  m_GameObject: {fileID: 1623158664}
  m_Enabled: 1
  m_Density: 1
  m_Material: {fileID: 0}
  m_IsTrigger: 1
  m_UsedByEffector: 0
  m_UsedByComposite: 0
  m_Offset: {x: 0, y: 0}
  m_SpriteTilingProperty:
    border: {x: 0, y: 0, z: 0, w: 0}
    pivot: {x: 0.5011316, y: 0.57698584}
    oldSize: {x: 0.84375, y: 0.78125}
    newSize: {x: 0.84375, y: 0.78125}
    adaptiveTilingThreshold: 0.5
    drawMode: 0
    adaptiveTiling: 0
  m_AutoTiling: 0
  serializedVersion: 2
  m_Size: {x: 1, y: 1}
  m_EdgeRadius: 0
--- !u!114 &1623158666
MonoBehaviour:
  m_ObjectHideFlags: 0
  m_CorrespondingSourceObject: {fileID: 0}
  m_PrefabInstance: {fileID: 0}
  m_PrefabAsset: {fileID: 0}
  m_GameObject: {fileID: 1623158664}
  m_Enabled: 1
  m_EditorHideFlags: 0
  m_Script: {fileID: 11500000, guid: 0532ce698a3c61d479131bcd4d02bc54, type: 3}
  m_Name: 
  m_EditorClassIdentifier: 
  _sound: {fileID: 0}
  _fireFX: {fileID: 0}
  _checkAnim: {fileID: 0}
--- !u!4 &1623158667
Transform:
  m_ObjectHideFlags: 0
  m_CorrespondingSourceObject: {fileID: 0}
  m_PrefabInstance: {fileID: 0}
  m_PrefabAsset: {fileID: 0}
  m_GameObject: {fileID: 1623158664}
  m_LocalRotation: {x: -0, y: -0, z: -0, w: 1}
  m_LocalPosition: {x: 3.76, y: -3.62, z: -0.056282725}
  m_LocalScale: {x: 1, y: 1, z: 1}
  m_Children: []
  m_Father: {fileID: 1488726030}
  m_RootOrder: 3
  m_LocalEulerAnglesHint: {x: 0, y: 0, z: 0}
--- !u!212 &1623158668
SpriteRenderer:
  m_ObjectHideFlags: 0
  m_CorrespondingSourceObject: {fileID: 0}
  m_PrefabInstance: {fileID: 0}
  m_PrefabAsset: {fileID: 0}
  m_GameObject: {fileID: 1623158664}
  m_Enabled: 1
  m_CastShadows: 0
  m_ReceiveShadows: 0
  m_DynamicOccludee: 1
  m_MotionVectors: 1
  m_LightProbeUsage: 1
  m_ReflectionProbeUsage: 1
  m_RayTracingMode: 0
  m_RayTraceProcedural: 0
  m_RenderingLayerMask: 1
  m_RendererPriority: 0
  m_Materials:
  - {fileID: 2100000, guid: a97c105638bdf8b4a8650670310a4cd3, type: 2}
  m_StaticBatchInfo:
    firstSubMesh: 0
    subMeshCount: 0
  m_StaticBatchRoot: {fileID: 0}
  m_ProbeAnchor: {fileID: 0}
  m_LightProbeVolumeOverride: {fileID: 0}
  m_ScaleInLightmap: 1
  m_ReceiveGI: 1
  m_PreserveUVs: 0
  m_IgnoreNormalsForChartDetection: 0
  m_ImportantGI: 0
  m_StitchLightmapSeams: 1
  m_SelectedEditorRenderState: 0
  m_MinimumChartSize: 4
  m_AutoUVMaxDistance: 0.5
  m_AutoUVMaxAngle: 89
  m_LightmapParameters: {fileID: 0}
  m_SortingLayerID: 0
  m_SortingLayer: 0
  m_SortingOrder: 0
  m_Sprite: {fileID: 6147777685625707044, guid: a60e8a96d84a81349be00390b4b6fe69, type: 3}
  m_Color: {r: 1, g: 1, b: 1, a: 1}
  m_FlipX: 0
  m_FlipY: 0
  m_DrawMode: 0
  m_Size: {x: 0.84375, y: 0.78125}
  m_AdaptiveModeThreshold: 0.5
  m_SpriteTileMode: 0
  m_WasSpriteAssigned: 1
  m_MaskInteraction: 0
  m_SpriteSortPoint: 0
--- !u!82 &1861029024 stripped
AudioSource:
  m_CorrespondingSourceObject: {fileID: 8744989470772185867, guid: 4b301531e064dff48ae5d3d08f9177ec, type: 3}
  m_PrefabInstance: {fileID: 8744989471260624811}
  m_PrefabAsset: {fileID: 0}
--- !u!4 &1999994631 stripped
Transform:
  m_CorrespondingSourceObject: {fileID: 5141481573115718601, guid: 2a4539e8cb8bf3247a001c8e2f6c1987, type: 3}
  m_PrefabInstance: {fileID: 5141481575115003086}
  m_PrefabAsset: {fileID: 0}
--- !u!1 &2142699829
GameObject:
  m_ObjectHideFlags: 0
  m_CorrespondingSourceObject: {fileID: 0}
  m_PrefabInstance: {fileID: 0}
  m_PrefabAsset: {fileID: 0}
  serializedVersion: 6
  m_Component:
  - component: {fileID: 2142699830}
  m_Layer: 0
  m_Name: Light
  m_TagString: Untagged
  m_Icon: {fileID: 0}
  m_NavMeshLayer: 0
  m_StaticEditorFlags: 0
  m_IsActive: 1
--- !u!4 &2142699830
Transform:
  m_ObjectHideFlags: 0
  m_CorrespondingSourceObject: {fileID: 0}
  m_PrefabInstance: {fileID: 0}
  m_PrefabAsset: {fileID: 0}
  m_GameObject: {fileID: 2142699829}
  m_LocalRotation: {x: 0, y: 0, z: 0, w: 1}
  m_LocalPosition: {x: 0, y: 4.09, z: 0}
  m_LocalScale: {x: 1, y: 1, z: 1}
  m_Children:
  - {fileID: 491979026}
  m_Father: {fileID: 0}
  m_RootOrder: 5
  m_LocalEulerAnglesHint: {x: 0, y: 0, z: 0}
--- !u!1001 &6258877905381627
PrefabInstance:
  m_ObjectHideFlags: 0
  serializedVersion: 2
  m_Modification:
    m_TransformParent: {fileID: 1334722252}
    m_Modifications:
    - target: {fileID: 6258878230830376, guid: 0732658466f588f458d043c1002fd9bd, type: 3}
      propertyPath: m_Follow
      value: 
      objectReference: {fileID: 380005833}
    - target: {fileID: 6258878230830376, guid: 0732658466f588f458d043c1002fd9bd, type: 3}
      propertyPath: m_LookAt
      value: 
      objectReference: {fileID: 380005833}
    - target: {fileID: 6258878230830377, guid: 0732658466f588f458d043c1002fd9bd, type: 3}
      propertyPath: m_Name
      value: CM vcam1
      objectReference: {fileID: 0}
    - target: {fileID: 6258878230830383, guid: 0732658466f588f458d043c1002fd9bd, type: 3}
      propertyPath: m_RootOrder
      value: 3
      objectReference: {fileID: 0}
    - target: {fileID: 6258878230830383, guid: 0732658466f588f458d043c1002fd9bd, type: 3}
      propertyPath: m_LocalPosition.x
      value: 11.583782
      objectReference: {fileID: 0}
    - target: {fileID: 6258878230830383, guid: 0732658466f588f458d043c1002fd9bd, type: 3}
      propertyPath: m_LocalPosition.y
      value: 7.3628416
      objectReference: {fileID: 0}
    - target: {fileID: 6258878230830383, guid: 0732658466f588f458d043c1002fd9bd, type: 3}
      propertyPath: m_LocalPosition.z
      value: -4.1261654
      objectReference: {fileID: 0}
    - target: {fileID: 6258878230830383, guid: 0732658466f588f458d043c1002fd9bd, type: 3}
      propertyPath: m_LocalRotation.w
      value: 1
      objectReference: {fileID: 0}
    - target: {fileID: 6258878230830383, guid: 0732658466f588f458d043c1002fd9bd, type: 3}
      propertyPath: m_LocalRotation.x
      value: -0
      objectReference: {fileID: 0}
    - target: {fileID: 6258878230830383, guid: 0732658466f588f458d043c1002fd9bd, type: 3}
      propertyPath: m_LocalRotation.y
      value: -0
      objectReference: {fileID: 0}
    - target: {fileID: 6258878230830383, guid: 0732658466f588f458d043c1002fd9bd, type: 3}
      propertyPath: m_LocalRotation.z
      value: -0
      objectReference: {fileID: 0}
    - target: {fileID: 6258878230830383, guid: 0732658466f588f458d043c1002fd9bd, type: 3}
      propertyPath: m_LocalEulerAnglesHint.x
      value: 0
      objectReference: {fileID: 0}
    - target: {fileID: 6258878230830383, guid: 0732658466f588f458d043c1002fd9bd, type: 3}
      propertyPath: m_LocalEulerAnglesHint.y
      value: 0
      objectReference: {fileID: 0}
    - target: {fileID: 6258878230830383, guid: 0732658466f588f458d043c1002fd9bd, type: 3}
      propertyPath: m_LocalEulerAnglesHint.z
      value: 0
      objectReference: {fileID: 0}
    m_RemovedComponents: []
  m_SourcePrefab: {fileID: 100100000, guid: 0732658466f588f458d043c1002fd9bd, type: 3}
--- !u!1001 &615463029308064552
PrefabInstance:
  m_ObjectHideFlags: 0
  serializedVersion: 2
  m_Modification:
    m_TransformParent: {fileID: 0}
    m_Modifications:
    - target: {fileID: 6874875634902208051, guid: 0c5765bb9e928dc4dbe3d2b345a533c2, type: 3}
      propertyPath: m_Name
      value: Miner3
      objectReference: {fileID: 0}
    - target: {fileID: 6874875634902208051, guid: 0c5765bb9e928dc4dbe3d2b345a533c2, type: 3}
      propertyPath: m_IsActive
      value: 1
      objectReference: {fileID: 0}
    - target: {fileID: 6874875634902208052, guid: 0c5765bb9e928dc4dbe3d2b345a533c2, type: 3}
      propertyPath: m_RootOrder
      value: 11
      objectReference: {fileID: 0}
    - target: {fileID: 6874875634902208052, guid: 0c5765bb9e928dc4dbe3d2b345a533c2, type: 3}
      propertyPath: m_LocalPosition.x
      value: -4.07
      objectReference: {fileID: 0}
    - target: {fileID: 6874875634902208052, guid: 0c5765bb9e928dc4dbe3d2b345a533c2, type: 3}
      propertyPath: m_LocalPosition.y
      value: -3.38
      objectReference: {fileID: 0}
    - target: {fileID: 6874875634902208052, guid: 0c5765bb9e928dc4dbe3d2b345a533c2, type: 3}
      propertyPath: m_LocalPosition.z
      value: 0
      objectReference: {fileID: 0}
    - target: {fileID: 6874875634902208052, guid: 0c5765bb9e928dc4dbe3d2b345a533c2, type: 3}
      propertyPath: m_LocalRotation.w
      value: 1
      objectReference: {fileID: 0}
    - target: {fileID: 6874875634902208052, guid: 0c5765bb9e928dc4dbe3d2b345a533c2, type: 3}
      propertyPath: m_LocalRotation.x
      value: -0
      objectReference: {fileID: 0}
    - target: {fileID: 6874875634902208052, guid: 0c5765bb9e928dc4dbe3d2b345a533c2, type: 3}
      propertyPath: m_LocalRotation.y
      value: -0
      objectReference: {fileID: 0}
    - target: {fileID: 6874875634902208052, guid: 0c5765bb9e928dc4dbe3d2b345a533c2, type: 3}
      propertyPath: m_LocalRotation.z
      value: -0
      objectReference: {fileID: 0}
    - target: {fileID: 6874875634902208052, guid: 0c5765bb9e928dc4dbe3d2b345a533c2, type: 3}
      propertyPath: m_LocalEulerAnglesHint.x
      value: 0
      objectReference: {fileID: 0}
    - target: {fileID: 6874875634902208052, guid: 0c5765bb9e928dc4dbe3d2b345a533c2, type: 3}
      propertyPath: m_LocalEulerAnglesHint.y
      value: 0
      objectReference: {fileID: 0}
    - target: {fileID: 6874875634902208052, guid: 0c5765bb9e928dc4dbe3d2b345a533c2, type: 3}
      propertyPath: m_LocalEulerAnglesHint.z
      value: 0
      objectReference: {fileID: 0}
    - target: {fileID: 8890245599609292682, guid: 0c5765bb9e928dc4dbe3d2b345a533c2, type: 3}
      propertyPath: _player
      value: 
      objectReference: {fileID: 380005836}
    - target: {fileID: 8890245599609292682, guid: 0c5765bb9e928dc4dbe3d2b345a533c2, type: 3}
      propertyPath: _minerID
      value: 
      objectReference: {fileID: 11400000, guid: 227019d3c8afce24b9a1ab191576da4b, type: 2}
    - target: {fileID: 8890245599609292682, guid: 0c5765bb9e928dc4dbe3d2b345a533c2, type: 3}
      propertyPath: _minerData
      value: 
      objectReference: {fileID: 11400000, guid: 227019d3c8afce24b9a1ab191576da4b, type: 2}
    m_RemovedComponents: []
  m_SourcePrefab: {fileID: 100100000, guid: 0c5765bb9e928dc4dbe3d2b345a533c2, type: 3}
--- !u!1001 &690296941552733973
PrefabInstance:
  m_ObjectHideFlags: 0
  serializedVersion: 2
  m_Modification:
    m_TransformParent: {fileID: 1334722252}
    m_Modifications:
    - target: {fileID: 690296942751753192, guid: dafeeae6a4930844880a0d4dc39d46a5, type: 3}
      propertyPath: m_Name
      value: Global Volume
      objectReference: {fileID: 0}
    - target: {fileID: 690296942751753194, guid: dafeeae6a4930844880a0d4dc39d46a5, type: 3}
      propertyPath: m_RootOrder
      value: 4
      objectReference: {fileID: 0}
    - target: {fileID: 690296942751753194, guid: dafeeae6a4930844880a0d4dc39d46a5, type: 3}
      propertyPath: m_LocalPosition.x
      value: 11.241782
      objectReference: {fileID: 0}
    - target: {fileID: 690296942751753194, guid: dafeeae6a4930844880a0d4dc39d46a5, type: 3}
      propertyPath: m_LocalPosition.y
      value: -1.8151582
      objectReference: {fileID: 0}
    - target: {fileID: 690296942751753194, guid: dafeeae6a4930844880a0d4dc39d46a5, type: 3}
      propertyPath: m_LocalPosition.z
      value: 1.0738347
      objectReference: {fileID: 0}
    - target: {fileID: 690296942751753194, guid: dafeeae6a4930844880a0d4dc39d46a5, type: 3}
      propertyPath: m_LocalRotation.w
      value: 1
      objectReference: {fileID: 0}
    - target: {fileID: 690296942751753194, guid: dafeeae6a4930844880a0d4dc39d46a5, type: 3}
      propertyPath: m_LocalRotation.x
      value: -0
      objectReference: {fileID: 0}
    - target: {fileID: 690296942751753194, guid: dafeeae6a4930844880a0d4dc39d46a5, type: 3}
      propertyPath: m_LocalRotation.y
      value: -0
      objectReference: {fileID: 0}
    - target: {fileID: 690296942751753194, guid: dafeeae6a4930844880a0d4dc39d46a5, type: 3}
      propertyPath: m_LocalRotation.z
      value: -0
      objectReference: {fileID: 0}
    - target: {fileID: 690296942751753194, guid: dafeeae6a4930844880a0d4dc39d46a5, type: 3}
      propertyPath: m_LocalEulerAnglesHint.x
      value: 0
      objectReference: {fileID: 0}
    - target: {fileID: 690296942751753194, guid: dafeeae6a4930844880a0d4dc39d46a5, type: 3}
      propertyPath: m_LocalEulerAnglesHint.y
      value: 0
      objectReference: {fileID: 0}
    - target: {fileID: 690296942751753194, guid: dafeeae6a4930844880a0d4dc39d46a5, type: 3}
      propertyPath: m_LocalEulerAnglesHint.z
      value: 0
      objectReference: {fileID: 0}
    m_RemovedComponents: []
  m_SourcePrefab: {fileID: 100100000, guid: dafeeae6a4930844880a0d4dc39d46a5, type: 3}
--- !u!1001 &1003439546197330691
PrefabInstance:
  m_ObjectHideFlags: 0
  serializedVersion: 2
  m_Modification:
    m_TransformParent: {fileID: 0}
    m_Modifications:
    - target: {fileID: 6489133292035243136, guid: eb23edb848b992c41a21363d7f66ece2, type: 3}
      propertyPath: m_Name
      value: Miner2
      objectReference: {fileID: 0}
    - target: {fileID: 6489133292035243136, guid: eb23edb848b992c41a21363d7f66ece2, type: 3}
      propertyPath: m_IsActive
      value: 1
      objectReference: {fileID: 0}
    - target: {fileID: 6489133292035243143, guid: eb23edb848b992c41a21363d7f66ece2, type: 3}
      propertyPath: m_RootOrder
      value: 10
      objectReference: {fileID: 0}
    - target: {fileID: 6489133292035243143, guid: eb23edb848b992c41a21363d7f66ece2, type: 3}
      propertyPath: m_LocalPosition.x
      value: 3.05
      objectReference: {fileID: 0}
    - target: {fileID: 6489133292035243143, guid: eb23edb848b992c41a21363d7f66ece2, type: 3}
      propertyPath: m_LocalPosition.y
      value: -3.34
      objectReference: {fileID: 0}
    - target: {fileID: 6489133292035243143, guid: eb23edb848b992c41a21363d7f66ece2, type: 3}
      propertyPath: m_LocalPosition.z
      value: 0
      objectReference: {fileID: 0}
    - target: {fileID: 6489133292035243143, guid: eb23edb848b992c41a21363d7f66ece2, type: 3}
      propertyPath: m_LocalRotation.w
      value: 1
      objectReference: {fileID: 0}
    - target: {fileID: 6489133292035243143, guid: eb23edb848b992c41a21363d7f66ece2, type: 3}
      propertyPath: m_LocalRotation.x
      value: -0
      objectReference: {fileID: 0}
    - target: {fileID: 6489133292035243143, guid: eb23edb848b992c41a21363d7f66ece2, type: 3}
      propertyPath: m_LocalRotation.y
      value: -0
      objectReference: {fileID: 0}
    - target: {fileID: 6489133292035243143, guid: eb23edb848b992c41a21363d7f66ece2, type: 3}
      propertyPath: m_LocalRotation.z
      value: -0
      objectReference: {fileID: 0}
    - target: {fileID: 6489133292035243143, guid: eb23edb848b992c41a21363d7f66ece2, type: 3}
      propertyPath: m_LocalEulerAnglesHint.x
      value: 0
      objectReference: {fileID: 0}
    - target: {fileID: 6489133292035243143, guid: eb23edb848b992c41a21363d7f66ece2, type: 3}
      propertyPath: m_LocalEulerAnglesHint.y
      value: 0
      objectReference: {fileID: 0}
    - target: {fileID: 6489133292035243143, guid: eb23edb848b992c41a21363d7f66ece2, type: 3}
      propertyPath: m_LocalEulerAnglesHint.z
      value: 0
      objectReference: {fileID: 0}
    - target: {fileID: 9080947807670465849, guid: eb23edb848b992c41a21363d7f66ece2, type: 3}
      propertyPath: _player
      value: 
      objectReference: {fileID: 380005836}
    - target: {fileID: 9080947807670465849, guid: eb23edb848b992c41a21363d7f66ece2, type: 3}
      propertyPath: _minerID
      value: 
      objectReference: {fileID: 11400000, guid: 227019d3c8afce24b9a1ab191576da4b, type: 2}
    - target: {fileID: 9080947807670465849, guid: eb23edb848b992c41a21363d7f66ece2, type: 3}
      propertyPath: _minerData
      value: 
      objectReference: {fileID: 11400000, guid: 227019d3c8afce24b9a1ab191576da4b, type: 2}
    m_RemovedComponents: []
  m_SourcePrefab: {fileID: 100100000, guid: eb23edb848b992c41a21363d7f66ece2, type: 3}
--- !u!1001 &3878193745478151015
PrefabInstance:
  m_ObjectHideFlags: 0
  serializedVersion: 2
  m_Modification:
    m_TransformParent: {fileID: 0}
    m_Modifications:
    - target: {fileID: 1286363851898515389, guid: 24e8110a5901f5c47810df33040d041e, type: 3}
      propertyPath: _player
      value: 
      objectReference: {fileID: 380005836}
    - target: {fileID: 1286363851898515389, guid: 24e8110a5901f5c47810df33040d041e, type: 3}
      propertyPath: _minerID
      value: 
      objectReference: {fileID: 11400000, guid: 227019d3c8afce24b9a1ab191576da4b, type: 2}
    - target: {fileID: 1286363851898515389, guid: 24e8110a5901f5c47810df33040d041e, type: 3}
      propertyPath: _minerData
      value: 
      objectReference: {fileID: 11400000, guid: 227019d3c8afce24b9a1ab191576da4b, type: 2}
    - target: {fileID: 3878193744309446147, guid: 24e8110a5901f5c47810df33040d041e, type: 3}
      propertyPath: m_RootOrder
      value: 9
      objectReference: {fileID: 0}
    - target: {fileID: 3878193744309446147, guid: 24e8110a5901f5c47810df33040d041e, type: 3}
      propertyPath: m_LocalPosition.x
      value: -0.716
      objectReference: {fileID: 0}
    - target: {fileID: 3878193744309446147, guid: 24e8110a5901f5c47810df33040d041e, type: 3}
      propertyPath: m_LocalPosition.y
      value: -3.36
      objectReference: {fileID: 0}
    - target: {fileID: 3878193744309446147, guid: 24e8110a5901f5c47810df33040d041e, type: 3}
      propertyPath: m_LocalPosition.z
      value: 0
      objectReference: {fileID: 0}
    - target: {fileID: 3878193744309446147, guid: 24e8110a5901f5c47810df33040d041e, type: 3}
      propertyPath: m_LocalRotation.w
      value: 1
      objectReference: {fileID: 0}
    - target: {fileID: 3878193744309446147, guid: 24e8110a5901f5c47810df33040d041e, type: 3}
      propertyPath: m_LocalRotation.x
      value: -0
      objectReference: {fileID: 0}
    - target: {fileID: 3878193744309446147, guid: 24e8110a5901f5c47810df33040d041e, type: 3}
      propertyPath: m_LocalRotation.y
      value: -0
      objectReference: {fileID: 0}
    - target: {fileID: 3878193744309446147, guid: 24e8110a5901f5c47810df33040d041e, type: 3}
      propertyPath: m_LocalRotation.z
      value: -0
      objectReference: {fileID: 0}
    - target: {fileID: 3878193744309446147, guid: 24e8110a5901f5c47810df33040d041e, type: 3}
      propertyPath: m_LocalEulerAnglesHint.x
      value: 0
      objectReference: {fileID: 0}
    - target: {fileID: 3878193744309446147, guid: 24e8110a5901f5c47810df33040d041e, type: 3}
      propertyPath: m_LocalEulerAnglesHint.y
      value: 0
      objectReference: {fileID: 0}
    - target: {fileID: 3878193744309446147, guid: 24e8110a5901f5c47810df33040d041e, type: 3}
      propertyPath: m_LocalEulerAnglesHint.z
      value: 0
      objectReference: {fileID: 0}
    - target: {fileID: 3878193744309446148, guid: 24e8110a5901f5c47810df33040d041e, type: 3}
      propertyPath: m_Name
      value: Miner1
      objectReference: {fileID: 0}
    - target: {fileID: 3878193744309446148, guid: 24e8110a5901f5c47810df33040d041e, type: 3}
      propertyPath: m_IsActive
      value: 1
      objectReference: {fileID: 0}
    m_RemovedComponents: []
  m_SourcePrefab: {fileID: 100100000, guid: 24e8110a5901f5c47810df33040d041e, type: 3}
--- !u!1001 &5141481575115003086
PrefabInstance:
  m_ObjectHideFlags: 0
  serializedVersion: 2
  m_Modification:
    m_TransformParent: {fileID: 1334722252}
    m_Modifications:
    - target: {fileID: 5141481573115718600, guid: 2a4539e8cb8bf3247a001c8e2f6c1987, type: 3}
      propertyPath: m_ActionEvents.Array.data[4].m_PersistentCalls.m_Calls.Array.size
      value: 1
      objectReference: {fileID: 0}
    - target: {fileID: 5141481573115718600, guid: 2a4539e8cb8bf3247a001c8e2f6c1987, type: 3}
      propertyPath: m_ActionEvents.Array.data[4].m_PersistentCalls.m_Calls.Array.data[0].m_Mode
      value: 0
      objectReference: {fileID: 0}
    - target: {fileID: 5141481573115718600, guid: 2a4539e8cb8bf3247a001c8e2f6c1987, type: 3}
      propertyPath: m_ActionEvents.Array.data[0].m_PersistentCalls.m_Calls.Array.data[0].m_Target
      value: 
      objectReference: {fileID: 380005836}
    - target: {fileID: 5141481573115718600, guid: 2a4539e8cb8bf3247a001c8e2f6c1987, type: 3}
      propertyPath: m_ActionEvents.Array.data[3].m_PersistentCalls.m_Calls.Array.data[0].m_Target
      value: 
      objectReference: {fileID: 380005838}
    - target: {fileID: 5141481573115718600, guid: 2a4539e8cb8bf3247a001c8e2f6c1987, type: 3}
      propertyPath: m_ActionEvents.Array.data[4].m_PersistentCalls.m_Calls.Array.data[0].m_Target
      value: 
      objectReference: {fileID: 380005838}
    - target: {fileID: 5141481573115718600, guid: 2a4539e8cb8bf3247a001c8e2f6c1987, type: 3}
      propertyPath: m_ActionEvents.Array.data[4].m_PersistentCalls.m_Calls.Array.data[0].m_CallState
      value: 2
      objectReference: {fileID: 0}
    - target: {fileID: 5141481573115718600, guid: 2a4539e8cb8bf3247a001c8e2f6c1987, type: 3}
      propertyPath: m_ActionEvents.Array.data[4].m_PersistentCalls.m_Calls.Array.data[0].m_MethodName
      value: Boom
      objectReference: {fileID: 0}
    - target: {fileID: 5141481573115718600, guid: 2a4539e8cb8bf3247a001c8e2f6c1987, type: 3}
      propertyPath: m_ActionEvents.Array.data[4].m_PersistentCalls.m_Calls.Array.data[0].m_TargetAssemblyTypeName
      value: PlayerShoot, Assembly-CSharp
      objectReference: {fileID: 0}
    - target: {fileID: 5141481573115718600, guid: 2a4539e8cb8bf3247a001c8e2f6c1987, type: 3}
      propertyPath: m_ActionEvents.Array.data[4].m_PersistentCalls.m_Calls.Array.data[0].m_Arguments.m_ObjectArgumentAssemblyTypeName
      value: UnityEngine.Object, UnityEngine
      objectReference: {fileID: 0}
    - target: {fileID: 5141481573115718601, guid: 2a4539e8cb8bf3247a001c8e2f6c1987, type: 3}
      propertyPath: m_RootOrder
      value: 0
      objectReference: {fileID: 0}
    - target: {fileID: 5141481573115718601, guid: 2a4539e8cb8bf3247a001c8e2f6c1987, type: 3}
      propertyPath: m_LocalPosition.x
      value: 12.081499
      objectReference: {fileID: 0}
    - target: {fileID: 5141481573115718601, guid: 2a4539e8cb8bf3247a001c8e2f6c1987, type: 3}
      propertyPath: m_LocalPosition.y
      value: -1.8307594
      objectReference: {fileID: 0}
    - target: {fileID: 5141481573115718601, guid: 2a4539e8cb8bf3247a001c8e2f6c1987, type: 3}
      propertyPath: m_LocalPosition.z
      value: 0.8673427
      objectReference: {fileID: 0}
    - target: {fileID: 5141481573115718601, guid: 2a4539e8cb8bf3247a001c8e2f6c1987, type: 3}
      propertyPath: m_LocalRotation.w
      value: 1
      objectReference: {fileID: 0}
    - target: {fileID: 5141481573115718601, guid: 2a4539e8cb8bf3247a001c8e2f6c1987, type: 3}
      propertyPath: m_LocalRotation.x
      value: -0
      objectReference: {fileID: 0}
    - target: {fileID: 5141481573115718601, guid: 2a4539e8cb8bf3247a001c8e2f6c1987, type: 3}
      propertyPath: m_LocalRotation.y
      value: -0
      objectReference: {fileID: 0}
    - target: {fileID: 5141481573115718601, guid: 2a4539e8cb8bf3247a001c8e2f6c1987, type: 3}
      propertyPath: m_LocalRotation.z
      value: -0
      objectReference: {fileID: 0}
    - target: {fileID: 5141481573115718601, guid: 2a4539e8cb8bf3247a001c8e2f6c1987, type: 3}
      propertyPath: m_LocalEulerAnglesHint.x
      value: 0
      objectReference: {fileID: 0}
    - target: {fileID: 5141481573115718601, guid: 2a4539e8cb8bf3247a001c8e2f6c1987, type: 3}
      propertyPath: m_LocalEulerAnglesHint.y
      value: 0
      objectReference: {fileID: 0}
    - target: {fileID: 5141481573115718601, guid: 2a4539e8cb8bf3247a001c8e2f6c1987, type: 3}
      propertyPath: m_LocalEulerAnglesHint.z
      value: 0
      objectReference: {fileID: 0}
    - target: {fileID: 5141481573115718603, guid: 2a4539e8cb8bf3247a001c8e2f6c1987, type: 3}
      propertyPath: m_Name
      value: InputController
      objectReference: {fileID: 0}
    m_RemovedComponents: []
  m_SourcePrefab: {fileID: 100100000, guid: 2a4539e8cb8bf3247a001c8e2f6c1987, type: 3}
--- !u!1001 &5316649563692397572
PrefabInstance:
  m_ObjectHideFlags: 0
  serializedVersion: 2
  m_Modification:
    m_TransformParent: {fileID: 0}
    m_Modifications:
    - target: {fileID: 3156896436028773818, guid: 99fc38af279954444b822486b25944e6, type: 3}
      propertyPath: _boom
      value: 
      objectReference: {fileID: 9202625390207916990, guid: b11af0075ce13ea4a8d3f8ac02bbac61, type: 3}
    - target: {fileID: 3156896436028773818, guid: 99fc38af279954444b822486b25944e6, type: 3}
      propertyPath: _minerData
      value: 
      objectReference: {fileID: 11400000, guid: 227019d3c8afce24b9a1ab191576da4b, type: 2}
    - target: {fileID: 3156896436028773818, guid: 99fc38af279954444b822486b25944e6, type: 3}
      propertyPath: _uiManager
      value: 
      objectReference: {fileID: 0}
    - target: {fileID: 3156896436028773818, guid: 99fc38af279954444b822486b25944e6, type: 3}
      propertyPath: _delayLoadTime
      value: 2
      objectReference: {fileID: 0}
    - target: {fileID: 4709537969839230687, guid: 99fc38af279954444b822486b25944e6, type: 3}
      propertyPath: m_RootOrder
      value: 0
      objectReference: {fileID: 0}
    - target: {fileID: 4709537969839230687, guid: 99fc38af279954444b822486b25944e6, type: 3}
      propertyPath: m_LocalPosition.x
      value: -2.1333704
      objectReference: {fileID: 0}
    - target: {fileID: 4709537969839230687, guid: 99fc38af279954444b822486b25944e6, type: 3}
      propertyPath: m_LocalPosition.y
      value: 3.1630309
      objectReference: {fileID: 0}
    - target: {fileID: 4709537969839230687, guid: 99fc38af279954444b822486b25944e6, type: 3}
      propertyPath: m_LocalPosition.z
      value: -0.0562827
      objectReference: {fileID: 0}
    - target: {fileID: 4709537969839230687, guid: 99fc38af279954444b822486b25944e6, type: 3}
      propertyPath: m_LocalRotation.w
      value: 1
      objectReference: {fileID: 0}
    - target: {fileID: 4709537969839230687, guid: 99fc38af279954444b822486b25944e6, type: 3}
      propertyPath: m_LocalRotation.x
      value: -0
      objectReference: {fileID: 0}
    - target: {fileID: 4709537969839230687, guid: 99fc38af279954444b822486b25944e6, type: 3}
      propertyPath: m_LocalRotation.y
      value: -0
      objectReference: {fileID: 0}
    - target: {fileID: 4709537969839230687, guid: 99fc38af279954444b822486b25944e6, type: 3}
      propertyPath: m_LocalRotation.z
      value: -0
      objectReference: {fileID: 0}
    - target: {fileID: 4709537969839230687, guid: 99fc38af279954444b822486b25944e6, type: 3}
      propertyPath: m_LocalEulerAnglesHint.x
      value: 0
      objectReference: {fileID: 0}
    - target: {fileID: 4709537969839230687, guid: 99fc38af279954444b822486b25944e6, type: 3}
      propertyPath: m_LocalEulerAnglesHint.y
      value: 0
      objectReference: {fileID: 0}
    - target: {fileID: 4709537969839230687, guid: 99fc38af279954444b822486b25944e6, type: 3}
      propertyPath: m_LocalEulerAnglesHint.z
      value: 0
      objectReference: {fileID: 0}
    - target: {fileID: 5968857024842086313, guid: 99fc38af279954444b822486b25944e6, type: 3}
      propertyPath: m_Name
      value: GameManager
      objectReference: {fileID: 0}
    - target: {fileID: 5968857024842086313, guid: 99fc38af279954444b822486b25944e6, type: 3}
      propertyPath: m_TagString
      value: GM
      objectReference: {fileID: 0}
    m_RemovedComponents: []
  m_SourcePrefab: {fileID: 100100000, guid: 99fc38af279954444b822486b25944e6, type: 3}
--- !u!1001 &5991681515053591481
PrefabInstance:
  m_ObjectHideFlags: 0
  serializedVersion: 2
  m_Modification:
    m_TransformParent: {fileID: 0}
    m_Modifications:
    - target: {fileID: 4466266758436383434, guid: bcfd9bfebac79b14ea63e1fbf9879749, type: 3}
      propertyPath: m_Enabled
      value: 0
      objectReference: {fileID: 0}
    - target: {fileID: 4466266758601024321, guid: bcfd9bfebac79b14ea63e1fbf9879749, type: 3}
      propertyPath: m_Name
      value: InGameUI
      objectReference: {fileID: 0}
    - target: {fileID: 4466266758601024330, guid: bcfd9bfebac79b14ea63e1fbf9879749, type: 3}
      propertyPath: m_Pivot.x
      value: 0
      objectReference: {fileID: 0}
    - target: {fileID: 4466266758601024330, guid: bcfd9bfebac79b14ea63e1fbf9879749, type: 3}
      propertyPath: m_Pivot.y
      value: 0
      objectReference: {fileID: 0}
    - target: {fileID: 4466266758601024330, guid: bcfd9bfebac79b14ea63e1fbf9879749, type: 3}
      propertyPath: m_RootOrder
      value: 13
      objectReference: {fileID: 0}
    - target: {fileID: 4466266758601024330, guid: bcfd9bfebac79b14ea63e1fbf9879749, type: 3}
      propertyPath: m_AnchorMax.x
      value: 0
      objectReference: {fileID: 0}
    - target: {fileID: 4466266758601024330, guid: bcfd9bfebac79b14ea63e1fbf9879749, type: 3}
      propertyPath: m_AnchorMax.y
      value: 0
      objectReference: {fileID: 0}
    - target: {fileID: 4466266758601024330, guid: bcfd9bfebac79b14ea63e1fbf9879749, type: 3}
      propertyPath: m_AnchorMin.x
      value: 0
      objectReference: {fileID: 0}
    - target: {fileID: 4466266758601024330, guid: bcfd9bfebac79b14ea63e1fbf9879749, type: 3}
      propertyPath: m_AnchorMin.y
      value: 0
      objectReference: {fileID: 0}
    - target: {fileID: 4466266758601024330, guid: bcfd9bfebac79b14ea63e1fbf9879749, type: 3}
      propertyPath: m_SizeDelta.x
      value: 0
      objectReference: {fileID: 0}
    - target: {fileID: 4466266758601024330, guid: bcfd9bfebac79b14ea63e1fbf9879749, type: 3}
      propertyPath: m_SizeDelta.y
      value: 0
      objectReference: {fileID: 0}
    - target: {fileID: 4466266758601024330, guid: bcfd9bfebac79b14ea63e1fbf9879749, type: 3}
      propertyPath: m_LocalPosition.x
      value: 0
      objectReference: {fileID: 0}
    - target: {fileID: 4466266758601024330, guid: bcfd9bfebac79b14ea63e1fbf9879749, type: 3}
      propertyPath: m_LocalPosition.y
      value: 0
      objectReference: {fileID: 0}
    - target: {fileID: 4466266758601024330, guid: bcfd9bfebac79b14ea63e1fbf9879749, type: 3}
      propertyPath: m_LocalPosition.z
      value: 0
      objectReference: {fileID: 0}
    - target: {fileID: 4466266758601024330, guid: bcfd9bfebac79b14ea63e1fbf9879749, type: 3}
      propertyPath: m_LocalRotation.w
      value: 1
      objectReference: {fileID: 0}
    - target: {fileID: 4466266758601024330, guid: bcfd9bfebac79b14ea63e1fbf9879749, type: 3}
      propertyPath: m_LocalRotation.x
      value: 0
      objectReference: {fileID: 0}
    - target: {fileID: 4466266758601024330, guid: bcfd9bfebac79b14ea63e1fbf9879749, type: 3}
      propertyPath: m_LocalRotation.y
      value: 0
      objectReference: {fileID: 0}
    - target: {fileID: 4466266758601024330, guid: bcfd9bfebac79b14ea63e1fbf9879749, type: 3}
      propertyPath: m_LocalRotation.z
      value: 0
      objectReference: {fileID: 0}
    - target: {fileID: 4466266758601024330, guid: bcfd9bfebac79b14ea63e1fbf9879749, type: 3}
      propertyPath: m_AnchoredPosition.x
      value: 0
      objectReference: {fileID: 0}
    - target: {fileID: 4466266758601024330, guid: bcfd9bfebac79b14ea63e1fbf9879749, type: 3}
      propertyPath: m_AnchoredPosition.y
      value: 0
      objectReference: {fileID: 0}
    - target: {fileID: 4466266758601024330, guid: bcfd9bfebac79b14ea63e1fbf9879749, type: 3}
      propertyPath: m_LocalEulerAnglesHint.x
      value: 0
      objectReference: {fileID: 0}
    - target: {fileID: 4466266758601024330, guid: bcfd9bfebac79b14ea63e1fbf9879749, type: 3}
      propertyPath: m_LocalEulerAnglesHint.y
      value: 0
      objectReference: {fileID: 0}
    - target: {fileID: 4466266758601024330, guid: bcfd9bfebac79b14ea63e1fbf9879749, type: 3}
      propertyPath: m_LocalEulerAnglesHint.z
      value: 0
      objectReference: {fileID: 0}
    - target: {fileID: 4466266758601024334, guid: bcfd9bfebac79b14ea63e1fbf9879749, type: 3}
      propertyPath: _livesDisplay.Array.size
      value: 3
      objectReference: {fileID: 0}
    - target: {fileID: 4466266758601024334, guid: bcfd9bfebac79b14ea63e1fbf9879749, type: 3}
      propertyPath: _minerDisplay.Array.size
      value: 3
      objectReference: {fileID: 0}
    m_RemovedComponents:
    - {fileID: 4466266758436383434, guid: bcfd9bfebac79b14ea63e1fbf9879749, type: 3}
  m_SourcePrefab: {fileID: 100100000, guid: bcfd9bfebac79b14ea63e1fbf9879749, type: 3}
--- !u!50 &6332877644342310276 stripped
Rigidbody2D:
  m_CorrespondingSourceObject: {fileID: 6489133293406191239, guid: eb23edb848b992c41a21363d7f66ece2, type: 3}
  m_PrefabInstance: {fileID: 1003439546197330691}
  m_PrefabAsset: {fileID: 0}
--- !u!50 &6332877644392240866 stripped
Rigidbody2D:
  m_CorrespondingSourceObject: {fileID: 6874875636058953162, guid: 0c5765bb9e928dc4dbe3d2b345a533c2, type: 3}
  m_PrefabInstance: {fileID: 615463029308064552}
  m_PrefabAsset: {fileID: 0}
--- !u!1001 &7524312827239998550
PrefabInstance:
  m_ObjectHideFlags: 0
  serializedVersion: 2
  m_Modification:
    m_TransformParent: {fileID: 0}
    m_Modifications:
    - target: {fileID: 272472726, guid: 310177f67a7cce24e9b6e139c1e337c0, type: 3}
      propertyPath: m_Enabled
      value: 0
      objectReference: {fileID: 0}
    - target: {fileID: 272472726, guid: 310177f67a7cce24e9b6e139c1e337c0, type: 3}
      propertyPath: m_ConnectedRigidBody
      value: 
      objectReference: {fileID: 533913922}
    - target: {fileID: 272472727, guid: 310177f67a7cce24e9b6e139c1e337c0, type: 3}
      propertyPath: m_Enabled
      value: 0
      objectReference: {fileID: 0}
    - target: {fileID: 272472727, guid: 310177f67a7cce24e9b6e139c1e337c0, type: 3}
      propertyPath: m_ConnectedRigidBody
      value: 
      objectReference: {fileID: 6332877644342310276}
    - target: {fileID: 272472728, guid: 310177f67a7cce24e9b6e139c1e337c0, type: 3}
      propertyPath: m_Enabled
      value: 0
      objectReference: {fileID: 0}
    - target: {fileID: 272472728, guid: 310177f67a7cce24e9b6e139c1e337c0, type: 3}
      propertyPath: m_ConnectedRigidBody
      value: 
      objectReference: {fileID: 6332877644392240866}
    - target: {fileID: 7524312826864224657, guid: 310177f67a7cce24e9b6e139c1e337c0, type: 3}
      propertyPath: m_Name
      value: Player
      objectReference: {fileID: 0}
    - target: {fileID: 7524312826864224657, guid: 310177f67a7cce24e9b6e139c1e337c0, type: 3}
      propertyPath: m_IsActive
      value: 1
      objectReference: {fileID: 0}
    - target: {fileID: 7524312826864224664, guid: 310177f67a7cce24e9b6e139c1e337c0, type: 3}
      propertyPath: _shootAudioSource
      value: 
      objectReference: {fileID: 735386788}
    - target: {fileID: 7524312826864224666, guid: 310177f67a7cce24e9b6e139c1e337c0, type: 3}
      propertyPath: _fanAudio
      value: 
      objectReference: {fileID: 1861029024}
    - target: {fileID: 7524312826864224671, guid: 310177f67a7cce24e9b6e139c1e337c0, type: 3}
      propertyPath: m_RootOrder
      value: 3
      objectReference: {fileID: 0}
    - target: {fileID: 7524312826864224671, guid: 310177f67a7cce24e9b6e139c1e337c0, type: 3}
      propertyPath: m_LocalPosition.x
      value: 0
      objectReference: {fileID: 0}
    - target: {fileID: 7524312826864224671, guid: 310177f67a7cce24e9b6e139c1e337c0, type: 3}
      propertyPath: m_LocalPosition.y
      value: 8.44
      objectReference: {fileID: 0}
    - target: {fileID: 7524312826864224671, guid: 310177f67a7cce24e9b6e139c1e337c0, type: 3}
      propertyPath: m_LocalPosition.z
      value: 0
      objectReference: {fileID: 0}
    - target: {fileID: 7524312826864224671, guid: 310177f67a7cce24e9b6e139c1e337c0, type: 3}
      propertyPath: m_LocalRotation.w
      value: 1
      objectReference: {fileID: 0}
    - target: {fileID: 7524312826864224671, guid: 310177f67a7cce24e9b6e139c1e337c0, type: 3}
      propertyPath: m_LocalRotation.x
      value: 0
      objectReference: {fileID: 0}
    - target: {fileID: 7524312826864224671, guid: 310177f67a7cce24e9b6e139c1e337c0, type: 3}
      propertyPath: m_LocalRotation.y
      value: 0
      objectReference: {fileID: 0}
    - target: {fileID: 7524312826864224671, guid: 310177f67a7cce24e9b6e139c1e337c0, type: 3}
      propertyPath: m_LocalRotation.z
      value: 0
      objectReference: {fileID: 0}
    - target: {fileID: 7524312826864224671, guid: 310177f67a7cce24e9b6e139c1e337c0, type: 3}
      propertyPath: m_LocalEulerAnglesHint.x
      value: 0
      objectReference: {fileID: 0}
    - target: {fileID: 7524312826864224671, guid: 310177f67a7cce24e9b6e139c1e337c0, type: 3}
      propertyPath: m_LocalEulerAnglesHint.y
      value: 0
      objectReference: {fileID: 0}
    - target: {fileID: 7524312826864224671, guid: 310177f67a7cce24e9b6e139c1e337c0, type: 3}
      propertyPath: m_LocalEulerAnglesHint.z
      value: 0
      objectReference: {fileID: 0}
    m_RemovedComponents: []
  m_SourcePrefab: {fileID: 100100000, guid: 310177f67a7cce24e9b6e139c1e337c0, type: 3}
--- !u!1001 &8744989471260624811
PrefabInstance:
  m_ObjectHideFlags: 0
  serializedVersion: 2
  m_Modification:
    m_TransformParent: {fileID: 1334722252}
    m_Modifications:
    - target: {fileID: 2393192379428050449, guid: 4b301531e064dff48ae5d3d08f9177ec, type: 3}
      propertyPath: m_PlayOnAwake
      value: 0
      objectReference: {fileID: 0}
    - target: {fileID: 8744989471325027338, guid: 4b301531e064dff48ae5d3d08f9177ec, type: 3}
      propertyPath: m_RootOrder
      value: 2
      objectReference: {fileID: 0}
    - target: {fileID: 8744989471325027338, guid: 4b301531e064dff48ae5d3d08f9177ec, type: 3}
      propertyPath: m_LocalPosition.x
      value: 8.354611
      objectReference: {fileID: 0}
    - target: {fileID: 8744989471325027338, guid: 4b301531e064dff48ae5d3d08f9177ec, type: 3}
      propertyPath: m_LocalPosition.y
      value: -9.1813
      objectReference: {fileID: 0}
    - target: {fileID: 8744989471325027338, guid: 4b301531e064dff48ae5d3d08f9177ec, type: 3}
      propertyPath: m_LocalPosition.z
      value: 1.4639428
      objectReference: {fileID: 0}
    - target: {fileID: 8744989471325027338, guid: 4b301531e064dff48ae5d3d08f9177ec, type: 3}
      propertyPath: m_LocalRotation.w
      value: 1
      objectReference: {fileID: 0}
    - target: {fileID: 8744989471325027338, guid: 4b301531e064dff48ae5d3d08f9177ec, type: 3}
      propertyPath: m_LocalRotation.x
      value: -0
      objectReference: {fileID: 0}
    - target: {fileID: 8744989471325027338, guid: 4b301531e064dff48ae5d3d08f9177ec, type: 3}
      propertyPath: m_LocalRotation.y
      value: -0
      objectReference: {fileID: 0}
    - target: {fileID: 8744989471325027338, guid: 4b301531e064dff48ae5d3d08f9177ec, type: 3}
      propertyPath: m_LocalRotation.z
      value: -0
      objectReference: {fileID: 0}
    - target: {fileID: 8744989471325027338, guid: 4b301531e064dff48ae5d3d08f9177ec, type: 3}
      propertyPath: m_LocalEulerAnglesHint.x
      value: 0
      objectReference: {fileID: 0}
    - target: {fileID: 8744989471325027338, guid: 4b301531e064dff48ae5d3d08f9177ec, type: 3}
      propertyPath: m_LocalEulerAnglesHint.y
      value: 0
      objectReference: {fileID: 0}
    - target: {fileID: 8744989471325027338, guid: 4b301531e064dff48ae5d3d08f9177ec, type: 3}
      propertyPath: m_LocalEulerAnglesHint.z
      value: 0
      objectReference: {fileID: 0}
    - target: {fileID: 8744989471325027339, guid: 4b301531e064dff48ae5d3d08f9177ec, type: 3}
      propertyPath: m_Name
      value: AudioController
      objectReference: {fileID: 0}
    - target: {fileID: 8744989471894690575, guid: 4b301531e064dff48ae5d3d08f9177ec, type: 3}
      propertyPath: m_Volume
      value: 1
      objectReference: {fileID: 0}
    m_RemovedComponents: []
  m_SourcePrefab: {fileID: 100100000, guid: 4b301531e064dff48ae5d3d08f9177ec, type: 3}
--- !u!1001 &9017330732078747728
PrefabInstance:
  m_ObjectHideFlags: 0
  serializedVersion: 2
  m_Modification:
    m_TransformParent: {fileID: 1334722252}
    m_Modifications:
    - target: {fileID: 9017330732302315429, guid: d00fa3b30f8b9fd47b915a087437b572, type: 3}
      propertyPath: m_Name
      value: Main Camera
      objectReference: {fileID: 0}
    - target: {fileID: 9017330732302315432, guid: d00fa3b30f8b9fd47b915a087437b572, type: 3}
      propertyPath: m_RootOrder
      value: 1
      objectReference: {fileID: 0}
    - target: {fileID: 9017330732302315432, guid: d00fa3b30f8b9fd47b915a087437b572, type: 3}
      propertyPath: m_LocalPosition.x
      value: 11.583782
      objectReference: {fileID: 0}
    - target: {fileID: 9017330732302315432, guid: d00fa3b30f8b9fd47b915a087437b572, type: 3}
      propertyPath: m_LocalPosition.y
      value: 7.3628416
      objectReference: {fileID: 0}
    - target: {fileID: 9017330732302315432, guid: d00fa3b30f8b9fd47b915a087437b572, type: 3}
      propertyPath: m_LocalPosition.z
      value: -4.1261654
      objectReference: {fileID: 0}
    - target: {fileID: 9017330732302315432, guid: d00fa3b30f8b9fd47b915a087437b572, type: 3}
      propertyPath: m_LocalRotation.w
      value: 1
      objectReference: {fileID: 0}
    - target: {fileID: 9017330732302315432, guid: d00fa3b30f8b9fd47b915a087437b572, type: 3}
      propertyPath: m_LocalRotation.x
      value: -0
      objectReference: {fileID: 0}
    - target: {fileID: 9017330732302315432, guid: d00fa3b30f8b9fd47b915a087437b572, type: 3}
      propertyPath: m_LocalRotation.y
      value: -0
      objectReference: {fileID: 0}
    - target: {fileID: 9017330732302315432, guid: d00fa3b30f8b9fd47b915a087437b572, type: 3}
      propertyPath: m_LocalRotation.z
      value: -0
      objectReference: {fileID: 0}
    - target: {fileID: 9017330732302315432, guid: d00fa3b30f8b9fd47b915a087437b572, type: 3}
      propertyPath: m_LocalEulerAnglesHint.x
      value: 0
      objectReference: {fileID: 0}
    - target: {fileID: 9017330732302315432, guid: d00fa3b30f8b9fd47b915a087437b572, type: 3}
      propertyPath: m_LocalEulerAnglesHint.y
      value: 0
      objectReference: {fileID: 0}
    - target: {fileID: 9017330732302315432, guid: d00fa3b30f8b9fd47b915a087437b572, type: 3}
      propertyPath: m_LocalEulerAnglesHint.z
      value: 0
      objectReference: {fileID: 0}
    m_RemovedComponents: []
  m_SourcePrefab: {fileID: 100100000, guid: d00fa3b30f8b9fd47b915a087437b572, type: 3}
